{"type":"subscriptions","channels":[{"name":"heartbeat","product_ids":["BTC-USD"]},{"name":"matches","product_ids":["BTC-USD"]}]}
{"type":"last_match","trade_id":14587418,"maker_order_id":"91b59a7c-6a07-4039-9536-21daf3cb3282","taker_order_id":"ad87f3c8-e092-40cc-b0be-dec5b6865eaa","side":"buy","size":"3.9755","price":"9120.8","product_id":"BTC-USD","sequence":180754923,"time":"2020-06-30T19:10:21.545015Z"}
{"type":"heartbeat","last_trade_id":0,"product_id":"BTC-USD","sequence":180754924,"time":"2020-06-30T19:10:21.735070Z"}
{"type":"heartbeat","last_trade_id":0,"product_id":"BTC-USD","sequence":180754926,"time":"2020-06-30T19:10:22.735092Z"}
{"type":"heartbeat","last_trade_id":0,"product_id":"BTC-USD","sequence":180754931,"time":"2020-06-30T19:10:23.735107Z"}
{"type":"match","trade_id":14587419,"maker_order_id":"91b59a7c-6a07-4039-9536-21daf3cb3282","taker_order_id":"47888661-47cc-4af6-a26e-ea359b236b1b","side":"buy","size":"0.0659","price":"9120.8","product_id":"BTC-USD","sequence":180754935,"time":"2020-06-30T19:10:24.602001Z"}
{"type":"heartbeat","last_trade_id":0,"product_id":"BTC-USD","sequence":180754936,"time":"2020-06-30T19:10:24.735115Z"}
{"type":"match","trade_id":14587420,"maker_order_id":"91b59a7c-6a07-4039-9536-21daf3cb3282","taker_order_id":"6e18daea-f790-42b7-848d-d356bb5793f9","side":"buy","size":"0.05","price":"9120.8","product_id":"BTC-USD","sequence":180754940,"time":"2020-06-30T19:10:25.282011Z"}
{"type":"heartbeat","last_trade_id":0,"product_id":"BTC-USD","sequence":180754944,"time":"2020-06-30T19:10:25.735119Z"}
{"type":"match","trade_id":14587421,"maker_order_id":"91b59a7c-6a07-4039-9536-21daf3cb3282","taker_order_id":"281196c7-0be0-46a2-942b-78891eb2783d","side":"buy","size":"0.149","price":"9120.8","product_id":"BTC-USD","sequence":180754947,"time":"2020-06-30T19:10:25.839564Z"}
{"type":"heartbeat","last_trade_id":0,"product_id":"BTC-USD","sequence":180754949,"time":"2020-06-30T19:10:26.735115Z"}
{"type":"heartbeat","last_trade_id":0,"product_id":"BTC-USD","sequence":180754952,"time":"2020-06-30T19:10:27.735118Z"}
{"type":"match","trade_id":14587422,"maker_order_id":"91b59a7c-6a07-4039-9536-21daf3cb3282","taker_order_id":"e4c9735f-b000-4c5f-9be9-20abda7dfb6a","side":"buy","size":"0.2867","price":"9120.8","product_id":"BTC-USD","sequence":180754959,"time":"2020-06-30T19:10:28.392867Z"}
{"type":"match","trade_id":14587423,"maker_order_id":"91b59a7c-6a07-4039-9536-21daf3cb3282","taker_order_id":"790d316c-c040-4cd9-bf5e-a880546fd955","side":"buy","size":"0.0659","price":"9120.8","product_id":"BTC-USD","sequence":180754965,"time":"2020-06-30T19:10:28.676726Z"}
{"type":"heartbeat","last_trade_id":0,"product_id":"BTC-USD","sequence":180754966,"time":"2020-06-30T19:10:28.735118Z"}
{"type":"heartbeat","last_trade_id":0,"product_id":"BTC-USD","sequence":180754973,"time":"2020-06-30T19:10:29.735094Z"}
{"type":"heartbeat","last_trade_id":0,"product_id":"BTC-USD","sequence":180754975,"time":"2020-06-30T19:10:30.735122Z"}
{"type":"match","trade_id":14587424,"maker_order_id":"91b59a7c-6a07-4039-9536-21daf3cb3282","taker_order_id":"13f49490-005a-4a4d-b0a0-5e8097686668","side":"buy","size":"3.8867","price":"9120.8","product_id":"BTC-USD","sequence":180754982,"time":"2020-06-30T19:10:31.344615Z"}
{"type":"match","trade_id":14587425,"maker_order_id":"91b59a7c-6a07-4039-9536-21daf3cb3282","taker_order_id":"882c7d26-666b-4604-adeb-41ded8552855","side":"buy","size":"6.0861","price":"9120.8","product_id":"BTC-USD","sequence":180754985,"time":"2020-06-30T19:10:31.614624Z"}
{"type":"heartbeat","last_trade_id":0,"product_id":"BTC-USD","sequence":180754986,"time":"2020-06-30T19:10:31.735121Z"}
{"type":"match","trade_id":14587426,"maker_order_id":"91b59a7c-6a07-4039-9536-21daf3cb3282","taker_order_id":"deb23fdf-a9e8-4172-809d-941b02f543e6","side":"buy","size":"1.5","price":"9120.8","product_id":"BTC-USD","sequence":180754992,"time":"2020-06-30T19:10:32.699106Z"}
{"type":"heartbeat","last_trade_id":0,"product_id":"BTC-USD","sequence":180754993,"time":"2020-06-30T19:10:32.735109Z"}
{"type":"heartbeat","last_trade_id":0,"product_id":"BTC-USD","sequence":180754994,"time":"2020-06-30T19:10:33.735108Z"}
{"type":"match","trade_id":14587427,"maker_order_id":"91b59a7c-6a07-4039-9536-21daf3cb3282","taker_order_id":"c93549ec-4585-459c-ba0e-0fccd31f61c3","side":"buy","size":"0.3873","price":"9120.8","product_id":"BTC-USD","sequence":180754998,"time":"2020-06-30T19:10:34.071409Z"}
{"type":"heartbeat","last_trade_id":0,"product_id":"BTC-USD","sequence":180755001,"time":"2020-06-30T19:10:34.735082Z"}
{"type":"heartbeat","last_trade_id":0,"product_id":"BTC-USD","sequence":180755001,"time":"2020-06-30T19:10:35.735068Z"}
{"type":"heartbeat","last_trade_id":0,"product_id":"BTC-USD","sequence":180755008,"time":"2020-06-30T19:10:36.735072Z"}
{"type":"heartbeat","last_trade_id":0,"product_id":"BTC-USD","sequence":180755012,"time":"2020-06-30T19:10:37.735111Z"}
{"type":"heartbeat","last_trade_id":0,"product_id":"BTC-USD","sequence":180755015,"time":"2020-06-30T19:10:38.735121Z"}
{"type":"heartbeat","last_trade_id":0,"product_id":"BTC-USD","sequence":180755015,"time":"2020-06-30T19:10:39.735121Z"}
{"type":"match","trade_id":14587428,"maker_order_id":"91b59a7c-6a07-4039-9536-21daf3cb3282","taker_order_id":"c82155f5-4f7f-4372-9466-6863b7b9d8c2","side":"buy","size":"2","price":"9120.8","product_id":"BTC-USD","sequence":180755019,"time":"2020-06-30T19:10:40.264902Z"}
{"type":"heartbeat","last_trade_id":0,"product_id":"BTC-USD","sequence":180755024,"time":"2020-06-30T19:10:40.735074Z"}
{"type":"match","trade_id":14587429,"maker_order_id":"36fe0734-4801-466d-b093-cccd411db09a","taker_order_id":"60df62ed-f328-4dca-a233-a4286b8b4b27","side":"sell","size":"0.001","price":"9120.82","product_id":"BTC-USD","sequence":180755029,"time":"2020-06-30T19:10:41.065112Z"}
{"type":"match","trade_id":14587430,"maker_order_id":"91b59a7c-6a07-4039-9536-21daf3cb3282","taker_order_id":"3b622352-77bd-4273-bea5-0249614fe6ef","side":"buy","size":"1.5","price":"9120.8","product_id":"BTC-USD","sequence":180755032,"time":"2020-06-30T19:10:41.086812Z"}
{"type":"heartbeat","last_trade_id":0,"product_id":"BTC-USD","sequence":180755037,"time":"2020-06-30T19:10:41.735094Z"}
{"type":"heartbeat","last_trade_id":0,"product_id":"BTC-USD","sequence":180755043,"time":"2020-06-30T19:10:42.735118Z"}
{"type":"heartbeat","last_trade_id":0,"product_id":"BTC-USD","sequence":180755044,"time":"2020-06-30T19:10:43.735118Z"}
{"type":"match","trade_id":14587431,"maker_order_id":"91b59a7c-6a07-4039-9536-21daf3cb3282","taker_order_id":"71aa22dc-8a7a-426b-9ac0-5a53d46b970e","side":"buy","size":"0.1062","price":"9120.8","product_id":"BTC-USD","sequence":180755046,"time":"2020-06-30T19:10:43.971768Z"}
{"type":"heartbeat","last_trade_id":0,"product_id":"BTC-USD","sequence":180755053,"time":"2020-06-30T19:10:44.735125Z"}
{"type":"heartbeat","last_trade_id":0,"product_id":"BTC-USD","sequence":180755055,"time":"2020-06-30T19:10:45.735119Z"}
{"type":"match","trade_id":14587432,"maker_order_id":"91b59a7c-6a07-4039-9536-21daf3cb3282","taker_order_id":"95c6aaae-ffb0-4ccf-b415-ccc83304dfca","side":"buy","size":"0.0325","price":"9120.8","product_id":"BTC-USD","sequence":180755060,"time":"2020-06-30T19:10:46.556729Z"}
{"type":"heartbeat","last_trade_id":0,"product_id":"BTC-USD","sequence":180755061,"time":"2020-06-30T19:10:46.735120Z"}
{"type":"heartbeat","last_trade_id":0,"product_id":"BTC-USD","sequence":180755066,"time":"2020-06-30T19:10:47.735089Z"}
{"type":"heartbeat","last_trade_id":0,"product_id":"BTC-USD","sequence":180755071,"time":"2020-06-30T19:10:48.735126Z"}
{"type":"heartbeat","last_trade_id":0,"product_id":"BTC-USD","sequence":180755073,"time":"2020-06-30T19:10:49.735111Z"}
{"type":"match","trade_id":14587433,"maker_order_id":"91b59a7c-6a07-4039-9536-21daf3cb3282","taker_order_id":"9711997a-9141-4bcf-96cd-6476779492d3","side":"buy","size":"0.0216","price":"9120.8","product_id":"BTC-USD","sequence":180755075,"time":"2020-06-30T19:10:50.274895Z"}
{"type":"heartbeat","last_trade_id":0,"product_id":"BTC-USD","sequence":180755078,"time":"2020-06-30T19:10:50.735095Z"}
{"type":"heartbeat","last_trade_id":0,"product_id":"BTC-USD","sequence":180755080,"time":"2020-06-30T19:10:51.735114Z"}
{"type":"heartbeat","last_trade_id":0,"product_id":"BTC-USD","sequence":180755082,"time":"2020-06-30T19:10:52.735141Z"}
{"type":"heartbeat","last_trade_id":0,"product_id":"BTC-USD","sequence":180755083,"time":"2020-06-30T19:10:53.735110Z"}
{"type":"heartbeat","last_trade_id":0,"product_id":"BTC-USD","sequence":180755087,"time":"2020-06-30T19:10:54.735122Z"}
{"type":"heartbeat","last_trade_id":0,"product_id":"BTC-USD","sequence":180755092,"time":"2020-06-30T19:10:55.735119Z"}
{"type":"match","trade_id":14587434,"maker_order_id":"36fe0734-4801-466d-b093-cccd411db09a","taker_order_id":"7f9e9d4d-3d88-436b-84a4-7c5a60f5a562","side":"sell","size":"0.25","price":"9120.82","product_id":"BTC-USD","sequence":180755097,"time":"2020-06-30T19:10:56.273878Z"}
{"type":"heartbeat","last_trade_id":0,"product_id":"BTC-USD","sequence":180755100,"time":"2020-06-30T19:10:56.735032Z"}
{"type":"match","trade_id":14587435,"maker_order_id":"91b59a7c-6a07-4039-9536-21daf3cb3282","taker_order_id":"cd9954c8-d578-415b-8aa2-44384b16f639","side":"buy","size":"1.643","price":"9120.8","product_id":"BTC-USD","sequence":180755105,"time":"2020-06-30T19:10:57.168103Z"}
{"type":"heartbeat","last_trade_id":0,"product_id":"BTC-USD","sequence":180755110,"time":"2020-06-30T19:10:57.735103Z"}
{"type":"heartbeat","last_trade_id":0,"product_id":"BTC-USD","sequence":180755114,"time":"2020-06-30T19:10:58.735112Z"}
{"type":"heartbeat","last_trade_id":0,"product_id":"BTC-USD","sequence":180755130,"time":"2020-06-30T19:10:59.735121Z"}
{"type":"match","trade_id":14587436,"maker_order_id":"91b59a7c-6a07-4039-9536-21daf3cb3282","taker_order_id":"2dd3c125-61ba-4552-ad57-d4f32badb1a3","side":"buy","size":"0.25","price":"9120.8","product_id":"BTC-USD","sequence":180755134,"time":"2020-06-30T19:11:00.508097Z"}
{"type":"heartbeat","last_trade_id":0,"product_id":"BTC-USD","sequence":180755137,"time":"2020-06-30T19:11:00.735124Z"}
{"type":"heartbeat","last_trade_id":0,"product_id":"BTC-USD","sequence":180755137,"time":"2020-06-30T19:11:01.735115Z"}
{"type":"heartbeat","last_trade_id":0,"product_id":"BTC-USD","sequence":180755139,"time":"2020-06-30T19:11:02.735112Z"}
{"type":"match","trade_id":14587437,"maker_order_id":"91b59a7c-6a07-4039-9536-21daf3cb3282","taker_order_id":"4fc00af0-3cf0-4f80-8ac3-ce638fe19c6e","side":"buy","size":"0.05","price":"9120.8","product_id":"BTC-USD","sequence":180755144,"time":"2020-06-30T19:11:03.701089Z"}
{"type":"heartbeat","last_trade_id":0,"product_id":"BTC-USD","sequence":180755145,"time":"2020-06-30T19:11:03.735116Z"}
{"type":"match","trade_id":14587438,"maker_order_id":"91b59a7c-6a07-4039-9536-21daf3cb3282","taker_order_id":"9797d3f4-c902-4d39-92e4-63d41547d233","side":"buy","size":"0.0659","price":"9120.8","product_id":"BTC-USD","sequence":180755150,"time":"2020-06-30T19:11:04.537931Z"}
{"type":"match","trade_id":14587439,"maker_order_id":"36fe0734-4801-466d-b093-cccd411db09a","taker_order_id":"38cbb6c2-c778-4de0-810a-86bc21c90038","side":"sell","size":"0.25","price":"9120.82","product_id":"BTC-USD","sequence":180755154,"time":"2020-06-30T19:11:04.740338Z"}
{"type":"heartbeat","last_trade_id":0,"product_id":"BTC-USD","sequence":180755155,"time":"2020-06-30T19:11:04.735116Z"}
{"type":"match","trade_id":14587440,"maker_order_id":"91b59a7c-6a07-4039-9536-21daf3cb3282","taker_order_id":"120309a6-8449-41a6-ad38-c6f19c19ee58","side":"buy","size":"1.3689","price":"9120.8","product_id":"BTC-USD","sequence":180755160,"time":"2020-06-30T19:11:05.355046Z"}
{"type":"heartbeat","last_trade_id":0,"product_id":"BTC-USD","sequence":180755163,"time":"2020-06-30T19:11:05.735117Z"}
{"type":"heartbeat","last_trade_id":0,"product_id":"BTC-USD","sequence":180755168,"time":"2020-06-30T19:11:06.735110Z"}
{"type":"heartbeat","last_trade_id":0,"product_id":"BTC-USD","sequence":180755168,"time":"2020-06-30T19:11:07.735054Z"}
{"type":"match","trade_id":14587441,"maker_order_id":"91b59a7c-6a07-4039-9536-21daf3cb3282","taker_order_id":"0bc0af4e-e709-439a-a451-905430a8ec92","side":"buy","size":"0.8186","price":"9120.8","product_id":"BTC-USD","sequence":180755170,"time":"2020-06-30T19:11:07.928850Z"}
{"type":"heartbeat","last_trade_id":0,"product_id":"BTC-USD","sequence":180755171,"time":"2020-06-30T19:11:08.735114Z"}
{"type":"match","trade_id":14587442,"maker_order_id":"91b59a7c-6a07-4039-9536-21daf3cb3282","taker_order_id":"fa213ae1-9c44-47dd-b801-894401cf5d75","side":"buy","size":"0.25","price":"9120.8","product_id":"BTC-USD","sequence":180755175,"time":"2020-06-30T19:11:09.028744Z"}
{"type":"heartbeat","last_trade_id":0,"product_id":"BTC-USD","sequence":180755179,"time":"2020-06-30T19:11:09.735121Z"}
{"type":"heartbeat","last_trade_id":0,"product_id":"BTC-USD","sequence":180755187,"time":"2020-06-30T19:11:10.735120Z"}
{"type":"match","trade_id":14587443,"maker_order_id":"91b59a7c-6a07-4039-9536-21daf3cb3282","taker_order_id":"916fd07e-ccb5-481a-81d2-545ec1bae364","side":"buy","size":"0.001","price":"9120.8","product_id":"BTC-USD","sequence":180755191,"time":"2020-06-30T19:11:11.087014Z"}
{"type":"heartbeat","last_trade_id":0,"product_id":"BTC-USD","sequence":180755195,"time":"2020-06-30T19:11:11.735119Z"}
{"type":"match","trade_id":14587444,"maker_order_id":"91b59a7c-6a07-4039-9536-21daf3cb3282","taker_order_id":"b26e158f-0327-4856-96db-50a3c3c5080a","side":"buy","size":"0.06","price":"9120.8","product_id":"BTC-USD","sequence":180755199,"time":"2020-06-30T19:11:12.327349Z"}
{"type":"heartbeat","last_trade_id":0,"product_id":"BTC-USD","sequence":180755201,"time":"2020-06-30T19:11:12.735117Z"}
{"type":"match","trade_id":14587445,"maker_order_id":"91b59a7c-6a07-4039-9536-21daf3cb3282","taker_order_id":"fbbae574-8a05-4dde-9565-8b11c47ac99c","side":"buy","size":"0.2489","price":"9120.8","product_id":"BTC-USD","sequence":180755204,"time":"2020-06-30T19:11:12.924171Z"}
{"type":"heartbeat","last_trade_id":0,"product_id":"BTC-USD","sequence":180755209,"time":"2020-06-30T19:11:13.735106Z"}
{"type":"match","trade_id":14587446,"maker_order_id":"91b59a7c-6a07-4039-9536-21daf3cb3282","taker_order_id":"433bbd1e-e967-4414-af5a-9f1fd75cd74c","side":"buy","size":"0.1513","price":"9120.8","product_id":"BTC-USD","sequence":180755217,"time":"2020-06-30T19:11:14.587798Z"}
{"type":"heartbeat","last_trade_id":0,"product_id":"BTC-USD","sequence":180755218,"time":"2020-06-30T19:11:14.735117Z"}
{"type":"match","trade_id":14587447,"maker_order_id":"91b59a7c-6a07-4039-9536-21daf3cb3282","taker_order_id":"a73bc850-313b-4cef-aff9-b18cf2d434e9","side":"buy","size":"0.06","price":"9120.8","product_id":"BTC-USD","sequence":180755224,"time":"2020-06-30T19:11:15.457932Z"}
{"type":"heartbeat","last_trade_id":0,"product_id":"BTC-USD","sequence":180755231,"time":"2020-06-30T19:11:15.735111Z"}
{"type":"heartbeat","last_trade_id":0,"product_id":"BTC-USD","sequence":180755233,"time":"2020-06-30T19:11:16.735025Z"}
{"type":"heartbeat","last_trade_id":0,"product_id":"BTC-USD","sequence":180755235,"time":"2020-06-30T19:11:17.735164Z"}
{"type":"match","trade_id":14587448,"maker_order_id":"91b59a7c-6a07-4039-9536-21daf3cb3282","taker_order_id":"cdb910ab-bd59-47ce-a7ef-29f676bceb81","side":"buy","size":"0.0236","price":"9120.8","product_id":"BTC-USD","sequence":180755237,"time":"2020-06-30T19:11:18.256737Z"}
{"type":"match","trade_id":14587449,"maker_order_id":"91b59a7c-6a07-4039-9536-21daf3cb3282","taker_order_id":"16c909c4-31a8-4ce3-83f6-b33d48ce23ff","side":"buy","size":"4.1727","price":"9120.8","product_id":"BTC-USD","sequence":180755240,"time":"2020-06-30T19:11:18.513162Z"}
{"type":"heartbeat","last_trade_id":0,"product_id":"BTC-USD","sequence":180755241,"time":"2020-06-30T19:11:18.735082Z"}
{"type":"heartbeat","last_trade_id":0,"product_id":"BTC-USD","sequence":180755247,"time":"2020-06-30T19:11:19.735097Z"}
{"type":"match","trade_id":14587450,"maker_order_id":"36fe0734-4801-466d-b093-cccd411db09a","taker_order_id":"e7d49d28-1d9f-4c79-86c7-09d2e5372778","side":"sell","size":"0.25","price":"9120.82","product_id":"BTC-USD","sequence":180755249,"time":"2020-06-30T19:11:19.913837Z"}
{"type":"heartbeat","last_trade_id":0,"product_id":"BTC-USD","sequence":180755250,"time":"2020-06-30T19:11:20.735112Z"}
{"type":"match","trade_id":14587451,"maker_order_id":"91b59a7c-6a07-4039-9536-21daf3cb3282","taker_order_id":"fc009401-37a0-492c-b1c5-cdb24b8a5039","side":"buy","size":"0.25","price":"9120.8","product_id":"BTC-USD","sequence":180755259,"time":"2020-06-30T19:11:21.511701Z"}
{"type":"heartbeat","last_trade_id":0,"product_id":"BTC-USD","sequence":180755261,"time":"2020-06-30T19:11:21.735109Z"}
{"type":"heartbeat","last_trade_id":0,"product_id":"BTC-USD","sequence":180755265,"time":"2020-06-30T19:11:22.735076Z"}
{"type":"match","trade_id":14587452,"maker_order_id":"36fe0734-4801-466d-b093-cccd411db09a","taker_order_id":"51ace2be-dc08-49ba-b613-6be75f926530","side":"sell","size":"0.25","price":"9120.82","product_id":"BTC-USD","sequence":180755267,"time":"2020-06-30T19:11:23.136051Z"}
{"type":"heartbeat","last_trade_id":0,"product_id":"BTC-USD","sequence":180755273,"time":"2020-06-30T19:11:23.735097Z"}
{"type":"heartbeat","last_trade_id":0,"product_id":"BTC-USD","sequence":180755278,"time":"2020-06-30T19:11:24.735116Z"}
{"type":"match","trade_id":14587453,"maker_order_id":"91b59a7c-6a07-4039-9536-21daf3cb3282","taker_order_id":"bc892328-3652-4fe7-8746-fc0d1e6aaac1","side":"buy","size":"0.25","price":"9120.8","product_id":"BTC-USD","sequence":180755280,"time":"2020-06-30T19:11:24.814671Z"}
{"type":"heartbeat","last_trade_id":0,"product_id":"BTC-USD","sequence":180755286,"time":"2020-06-30T19:11:25.735116Z"}
{"type":"match","trade_id":14587454,"maker_order_id":"36fe0734-4801-466d-b093-cccd411db09a","taker_order_id":"93333195-60e5-47ff-bbc6-87819bf2cd3c","side":"sell","size":"0.25","price":"9120.82","product_id":"BTC-USD","sequence":180755297,"time":"2020-06-30T19:11:26.629346Z"}
{"type":"heartbeat","last_trade_id":0,"product_id":"BTC-USD","sequence":180755298,"time":"2020-06-30T19:11:26.735131Z"}
{"type":"heartbeat","last_trade_id":0,"product_id":"BTC-USD","sequence":180755301,"time":"2020-06-30T19:11:27.735074Z"}
{"type":"match","trade_id":14587455,"maker_order_id":"91b59a7c-6a07-4039-9536-21daf3cb3282","taker_order_id":"3e641321-60b2-442b-976e-6a404712792d","side":"buy","size":"0.25","price":"9120.8","product_id":"BTC-USD","sequence":180755304,"time":"2020-06-30T19:11:28.695417Z"}
{"type":"heartbeat","last_trade_id":0,"product_id":"BTC-USD","sequence":180755305,"time":"2020-06-30T19:11:28.735048Z"}
{"type":"heartbeat","last_trade_id":0,"product_id":"BTC-USD","sequence":180755313,"time":"2020-06-30T19:11:29.735049Z"}
{"type":"match","trade_id":14587456,"maker_order_id":"36fe0734-4801-466d-b093-cccd411db09a","taker_order_id":"9b202cc2-5ac1-4e3b-ae94-e5e16fe46e17","side":"sell","size":"0.25","price":"9120.82","product_id":"BTC-USD","sequence":180755317,"time":"2020-06-30T19:11:30.108579Z"}
{"type":"heartbeat","last_trade_id":0,"product_id":"BTC-USD","sequence":180755321,"time":"2020-06-30T19:11:30.735036Z"}
{"type":"heartbeat","last_trade_id":0,"product_id":"BTC-USD","sequence":180755326,"time":"2020-06-30T19:11:31.735055Z"}
{"type":"heartbeat","last_trade_id":0,"product_id":"BTC-USD","sequence":180755331,"time":"2020-06-30T19:11:32.735177Z"}
{"type":"heartbeat","last_trade_id":0,"product_id":"BTC-USD","sequence":180755333,"time":"2020-06-30T19:11:33.735096Z"}
{"type":"heartbeat","last_trade_id":0,"product_id":"BTC-USD","sequence":180755338,"time":"2020-06-30T19:11:34.735111Z"}
{"type":"match","trade_id":14587457,"maker_order_id":"36fe0734-4801-466d-b093-cccd411db09a","taker_order_id":"6b953d5b-95f1-4060-abde-2b75be41b484","side":"sell","size":"0.25","price":"9120.82","product_id":"BTC-USD","sequence":180755340,"time":"2020-06-30T19:11:34.952282Z"}
{"type":"heartbeat","last_trade_id":0,"product_id":"BTC-USD","sequence":180755347,"time":"2020-06-30T19:11:35.735052Z"}
{"type":"match","trade_id":14587458,"maker_order_id":"91b59a7c-6a07-4039-9536-21daf3cb3282","taker_order_id":"4abb6c92-4e3b-423d-989d-884ac92bb57b","side":"buy","size":"2.365","price":"9120.8","product_id":"BTC-USD","sequence":180755355,"time":"2020-06-30T19:11:36.724932Z"}
{"type":"heartbeat","last_trade_id":0,"product_id":"BTC-USD","sequence":180755356,"time":"2020-06-30T19:11:36.735078Z"}
{"type":"heartbeat","last_trade_id":0,"product_id":"BTC-USD","sequence":180755361,"time":"2020-06-30T19:11:37.735127Z"}
{"type":"heartbeat","last_trade_id":0,"product_id":"BTC-USD","sequence":180755366,"time":"2020-06-30T19:11:38.735041Z"}
{"type":"heartbeat","last_trade_id":0,"product_id":"BTC-USD","sequence":180755366,"time":"2020-06-30T19:11:39.735108Z"}
{"type":"heartbeat","last_trade_id":0,"product_id":"BTC-USD","sequence":180755368,"time":"2020-06-30T19:11:40.735074Z"}
{"type":"match","trade_id":14587459,"maker_order_id":"36fe0734-4801-466d-b093-cccd411db09a","taker_order_id":"66867cfc-f2c3-4967-befd-3248c6066bd4","side":"sell","size":"0.001","price":"9120.82","product_id":"BTC-USD","sequence":180755374,"time":"2020-06-30T19:11:41.676936Z"}
{"type":"heartbeat","last_trade_id":0,"product_id":"BTC-USD","sequence":180755375,"time":"2020-06-30T19:11:41.735023Z"}
{"type":"heartbeat","last_trade_id":0,"product_id":"BTC-USD","sequence":180755382,"time":"2020-06-30T19:11:42.735136Z"}
{"type":"heartbeat","last_trade_id":0,"product_id":"BTC-USD","sequence":180755387,"time":"2020-06-30T19:11:43.735043Z"}
{"type":"match","trade_id":14587460,"maker_order_id":"91b59a7c-6a07-4039-9536-21daf3cb3282","taker_order_id":"d5f4da76-1858-4070-9460-8e81bfb8cba6","side":"buy","size":"0.0659","price":"9120.8","product_id":"BTC-USD","sequence":180755389,"time":"2020-06-30T19:11:43.820337Z"}
{"type":"heartbeat","last_trade_id":0,"product_id":"BTC-USD","sequence":180755395,"time":"2020-06-30T19:11:44.735038Z"}
{"type":"match","trade_id":14587461,"maker_order_id":"91b59a7c-6a07-4039-9536-21daf3cb3282","taker_order_id":"dec1f399-3373-42b3-ae2b-ac6fa89876bb","side":"buy","size":"2","price":"9120.8","product_id":"BTC-USD","sequence":180755397,"time":"2020-06-30T19:11:45.201406Z"}
{"type":"heartbeat","last_trade_id":0,"product_id":"BTC-USD","sequence":180755398,"time":"2020-06-30T19:11:45.735018Z"}
{"type":"match","trade_id":14587462,"maker_order_id":"91b59a7c-6a07-4039-9536-21daf3cb3282","taker_order_id":"60625ed0-0ca7-4fd0-ba38-e9a7e72a1175","side":"buy","size":"0.544","price":"9120.8","product_id":"BTC-USD","sequence":180755403,"time":"2020-06-30T19:11:46.609863Z"}
{"type":"heartbeat","last_trade_id":0,"product_id":"BTC-USD","sequence":180755404,"time":"2020-06-30T19:11:46.734985Z"}
{"type":"heartbeat","last_trade_id":0,"product_id":"BTC-USD","sequence":180755414,"time":"2020-06-30T19:11:47.735062Z"}
{"type":"heartbeat","last_trade_id":0,"product_id":"BTC-USD","sequence":180755417,"time":"2020-06-30T19:11:48.734983Z"}
{"type":"heartbeat","last_trade_id":0,"product_id":"BTC-USD","sequence":180755425,"time":"2020-06-30T19:11:49.735059Z"}
{"type":"heartbeat","last_trade_id":0,"product_id":"BTC-USD","sequence":180755430,"time":"2020-06-30T19:11:50.735074Z"}
{"type":"heartbeat","last_trade_id":0,"product_id":"BTC-USD","sequence":180755438,"time":"2020-06-30T19:11:51.735069Z"}
{"type":"heartbeat","last_trade_id":0,"product_id":"BTC-USD","sequence":180755438,"time":"2020-06-30T19:11:52.735030Z"}
{"type":"heartbeat","last_trade_id":0,"product_id":"BTC-USD","sequence":180755448,"time":"2020-06-30T19:11:53.735070Z"}
{"type":"heartbeat","last_trade_id":0,"product_id":"BTC-USD","sequence":180755449,"time":"2020-06-30T19:11:54.735073Z"}
{"type":"match","trade_id":14587463,"maker_order_id":"91b59a7c-6a07-4039-9536-21daf3cb3282","taker_order_id":"771c1bb0-bb55-449d-bfa7-4e6f3148eb7a","side":"buy","size":"0.0659","price":"9120.8","product_id":"BTC-USD","sequence":180755451,"time":"2020-06-30T19:11:54.877363Z"}
{"type":"heartbeat","last_trade_id":0,"product_id":"BTC-USD","sequence":180755459,"time":"2020-06-30T19:11:55.735087Z"}
{"type":"match","trade_id":14587464,"maker_order_id":"91b59a7c-6a07-4039-9536-21daf3cb3282","taker_order_id":"3e6699c2-5efb-46de-b750-819170c68222","side":"buy","size":"1.691","price":"9120.8","product_id":"BTC-USD","sequence":180755464,"time":"2020-06-30T19:11:56.021752Z"}
{"type":"heartbeat","last_trade_id":0,"product_id":"BTC-USD","sequence":180755471,"time":"2020-06-30T19:11:56.735073Z"}
{"type":"heartbeat","last_trade_id":0,"product_id":"BTC-USD","sequence":180755478,"time":"2020-06-30T19:11:57.735063Z"}
{"type":"heartbeat","last_trade_id":0,"product_id":"BTC-USD","sequence":180755482,"time":"2020-06-30T19:11:58.735071Z"}
{"type":"heartbeat","last_trade_id":0,"product_id":"BTC-USD","sequence":180755492,"time":"2020-06-30T19:11:59.735073Z"}
{"type":"heartbeat","last_trade_id":0,"product_id":"BTC-USD","sequence":180755502,"time":"2020-06-30T19:12:00.735067Z"}
{"type":"heartbeat","last_trade_id":0,"product_id":"BTC-USD","sequence":180755507,"time":"2020-06-30T19:12:01.735119Z"}
{"type":"match","trade_id":14587465,"maker_order_id":"91b59a7c-6a07-4039-9536-21daf3cb3282","taker_order_id":"3c2dbcc5-a692-4795-a764-624bcf11fd93","side":"buy","size":"0.3293","price":"9120.8","product_id":"BTC-USD","sequence":180755509,"time":"2020-06-30T19:12:01.901623Z"}
{"type":"heartbeat","last_trade_id":0,"product_id":"BTC-USD","sequence":180755514,"time":"2020-06-30T19:12:02.735114Z"}
{"type":"heartbeat","last_trade_id":0,"product_id":"BTC-USD","sequence":180755520,"time":"2020-06-30T19:12:03.735118Z"}
{"type":"heartbeat","last_trade_id":0,"product_id":"BTC-USD","sequence":180755524,"time":"2020-06-30T19:12:04.735134Z"}
{"type":"heartbeat","last_trade_id":0,"product_id":"BTC-USD","sequence":180755531,"time":"2020-06-30T19:12:05.735116Z"}
{"type":"match","trade_id":14587466,"maker_order_id":"91b59a7c-6a07-4039-9536-21daf3cb3282","taker_order_id":"0323134e-9e57-45cd-a266-be01cea51a63","side":"buy","size":"0.0659","price":"9120.8","product_id":"BTC-USD","sequence":180755533,"time":"2020-06-30T19:12:06.090621Z"}
{"type":"heartbeat","last_trade_id":0,"product_id":"BTC-USD","sequence":180755537,"time":"2020-06-30T19:12:06.735118Z"}
{"type":"match","trade_id":14587467,"maker_order_id":"91b59a7c-6a07-4039-9536-21daf3cb3282","taker_order_id":"46ecdab5-f662-4262-9276-847c46b98620","side":"buy","size":"1.643","price":"9120.8","product_id":"BTC-USD","sequence":180755541,"time":"2020-06-30T19:12:07.469138Z"}
{"type":"heartbeat","last_trade_id":0,"product_id":"BTC-USD","sequence":180755542,"time":"2020-06-30T19:12:07.734986Z"}
{"type":"heartbeat","last_trade_id":0,"product_id":"BTC-USD","sequence":180755547,"time":"2020-06-30T19:12:08.735163Z"}
{"type":"heartbeat","last_trade_id":0,"product_id":"BTC-USD","sequence":180755549,"time":"2020-06-30T19:12:09.735122Z"}
{"type":"match","trade_id":14587468,"maker_order_id":"91b59a7c-6a07-4039-9536-21daf3cb3282","taker_order_id":"7f7f4483-526c-4f95-b794-8cf1fbbc1fd2","side":"buy","size":"0.001","price":"9120.8","product_id":"BTC-USD","sequence":180755557,"time":"2020-06-30T19:12:10.671382Z"}
{"type":"heartbeat","last_trade_id":0,"product_id":"BTC-USD","sequence":180755558,"time":"2020-06-30T19:12:10.735113Z"}
{"type":"heartbeat","last_trade_id":0,"product_id":"BTC-USD","sequence":180755563,"time":"2020-06-30T19:12:11.735120Z"}
{"type":"heartbeat","last_trade_id":0,"product_id":"BTC-USD","sequence":180755571,"time":"2020-06-30T19:12:12.735115Z"}
{"type":"heartbeat","last_trade_id":0,"product_id":"BTC-USD","sequence":180755575,"time":"2020-06-30T19:12:13.735123Z"}
{"type":"heartbeat","last_trade_id":0,"product_id":"BTC-USD","sequence":180755584,"time":"2020-06-30T19:12:14.735120Z"}
{"type":"heartbeat","last_trade_id":0,"product_id":"BTC-USD","sequence":180755587,"time":"2020-06-30T19:12:15.735123Z"}
{"type":"heartbeat","last_trade_id":0,"product_id":"BTC-USD","sequence":180755591,"time":"2020-06-30T19:12:16.735118Z"}
{"type":"heartbeat","last_trade_id":0,"product_id":"BTC-USD","sequence":180755593,"time":"2020-06-30T19:12:17.735115Z"}
{"type":"heartbeat","last_trade_id":0,"product_id":"BTC-USD","sequence":180755598,"time":"2020-06-30T19:12:18.735127Z"}
{"type":"heartbeat","last_trade_id":0,"product_id":"BTC-USD","sequence":180755605,"time":"2020-06-30T19:12:19.735120Z"}
{"type":"heartbeat","last_trade_id":0,"product_id":"BTC-USD","sequence":180755606,"time":"2020-06-30T19:12:20.735124Z"}
{"type":"heartbeat","last_trade_id":0,"product_id":"BTC-USD","sequence":180755612,"time":"2020-06-30T19:12:21.735115Z"}
{"type":"match","trade_id":14587469,"maker_order_id":"91b59a7c-6a07-4039-9536-21daf3cb3282","taker_order_id":"2e108d98-ae63-4ee3-a1ce-7d094a1bb75f","side":"buy","size":"0.05","price":"9120.8","product_id":"BTC-USD","sequence":180755614,"time":"2020-06-30T19:12:21.951229Z"}
{"type":"heartbeat","last_trade_id":0,"product_id":"BTC-USD","sequence":180755617,"time":"2020-06-30T19:12:22.735131Z"}
{"type":"heartbeat","last_trade_id":0,"product_id":"BTC-USD","sequence":180755621,"time":"2020-06-30T19:12:23.735117Z"}
{"type":"heartbeat","last_trade_id":0,"product_id":"BTC-USD","sequence":180755623,"time":"2020-06-30T19:12:24.735122Z"}
{"type":"match","trade_id":14587470,"maker_order_id":"91b59a7c-6a07-4039-9536-21daf3cb3282","taker_order_id":"bcc1f6b2-e794-4e1d-aa03-f8e5ff2dc6b1","side":"buy","size":"0.6139","price":"9120.8","product_id":"BTC-USD","sequence":180755625,"time":"2020-06-30T19:12:25.394485Z"}
{"type":"heartbeat","last_trade_id":0,"product_id":"BTC-USD","sequence":180755626,"time":"2020-06-30T19:12:25.735031Z"}
{"type":"heartbeat","last_trade_id":0,"product_id":"BTC-USD","sequence":180755628,"time":"2020-06-30T19:12:26.735084Z"}
{"type":"heartbeat","last_trade_id":0,"product_id":"BTC-USD","sequence":180755632,"time":"2020-06-30T19:12:27.735170Z"}
{"type":"heartbeat","last_trade_id":0,"product_id":"BTC-USD","sequence":180755640,"time":"2020-06-30T19:12:28.735118Z"}
{"type":"heartbeat","last_trade_id":0,"product_id":"BTC-USD","sequence":180755650,"time":"2020-06-30T19:12:29.735125Z"}
{"type":"heartbeat","last_trade_id":0,"product_id":"BTC-USD","sequence":180755653,"time":"2020-06-30T19:12:30.735112Z"}
{"type":"heartbeat","last_trade_id":0,"product_id":"BTC-USD","sequence":180755654,"time":"2020-06-30T19:12:31.735114Z"}
{"type":"heartbeat","last_trade_id":0,"product_id":"BTC-USD","sequence":180755659,"time":"2020-06-30T19:12:32.735118Z"}
{"type":"heartbeat","last_trade_id":0,"product_id":"BTC-USD","sequence":180755665,"time":"2020-06-30T19:12:33.735116Z"}
{"type":"heartbeat","last_trade_id":0,"product_id":"BTC-USD","sequence":180755665,"time":"2020-06-30T19:12:34.735119Z"}
{"type":"heartbeat","last_trade_id":0,"product_id":"BTC-USD","sequence":180755669,"time":"2020-06-30T19:12:35.735114Z"}
{"type":"heartbeat","last_trade_id":0,"product_id":"BTC-USD","sequence":180755675,"time":"2020-06-30T19:12:36.735110Z"}
{"type":"heartbeat","last_trade_id":0,"product_id":"BTC-USD","sequence":180755681,"time":"2020-06-30T19:12:37.735114Z"}
{"type":"heartbeat","last_trade_id":0,"product_id":"BTC-USD","sequence":180755687,"time":"2020-06-30T19:12:38.735119Z"}
{"type":"heartbeat","last_trade_id":0,"product_id":"BTC-USD","sequence":180755687,"time":"2020-06-30T19:12:39.735117Z"}
{"type":"heartbeat","last_trade_id":0,"product_id":"BTC-USD","sequence":180755692,"time":"2020-06-30T19:12:40.735118Z"}
{"type":"match","trade_id":14587471,"maker_order_id":"36fe0734-4801-466d-b093-cccd411db09a","taker_order_id":"6e96f68a-a3ce-4bff-8d2c-b137937e1fc9","side":"sell","size":"0.001","price":"9120.82","product_id":"BTC-USD","sequence":180755698,"time":"2020-06-30T19:12:41.660553Z"}
{"type":"match","trade_id":14587472,"maker_order_id":"91b59a7c-6a07-4039-9536-21daf3cb3282","taker_order_id":"d56966c2-d322-465f-b9d4-ec049075d7e4","side":"buy","size":"0.0659","price":"9120.8","product_id":"BTC-USD","sequence":180755701,"time":"2020-06-30T19:12:41.671465Z"}
{"type":"heartbeat","last_trade_id":0,"product_id":"BTC-USD","sequence":180755702,"time":"2020-06-30T19:12:41.735114Z"}
{"type":"heartbeat","last_trade_id":0,"product_id":"BTC-USD","sequence":180755707,"time":"2020-06-30T19:12:42.735110Z"}
{"type":"match","trade_id":14587473,"maker_order_id":"91b59a7c-6a07-4039-9536-21daf3cb3282","taker_order_id":"8e89d5de-2c98-440f-b803-d9dac0b83672","side":"buy","size":"1.632","price":"9120.8","product_id":"BTC-USD","sequence":180755713,"time":"2020-06-30T19:12:43.042781Z"}
{"type":"match","trade_id":14587474,"maker_order_id":"91b59a7c-6a07-4039-9536-21daf3cb3282","taker_order_id":"542ccd79-1897-42c9-be65-1b6e681de573","side":"buy","size":"14.669","price":"9120.8","product_id":"BTC-USD","sequence":180755717,"time":"2020-06-30T19:12:43.602392Z"}
{"type":"heartbeat","last_trade_id":0,"product_id":"BTC-USD","sequence":180755718,"time":"2020-06-30T19:12:43.735119Z"}
{"type":"match","trade_id":14587475,"maker_order_id":"91b59a7c-6a07-4039-9536-21daf3cb3282","taker_order_id":"1b9e3173-b5b5-424a-9647-5db8b3ea8ded","side":"buy","size":"0.0659","price":"9120.8","product_id":"BTC-USD","sequence":180755725,"time":"2020-06-30T19:12:44.159170Z"}
{"type":"match","trade_id":14587476,"maker_order_id":"91b59a7c-6a07-4039-9536-21daf3cb3282","taker_order_id":"a997d59f-a453-4d51-9a33-2f184d5ab54a","side":"buy","size":"0.0659","price":"9120.8","product_id":"BTC-USD","sequence":180755728,"time":"2020-06-30T19:12:44.437290Z"}
{"type":"match","trade_id":14587477,"maker_order_id":"91b59a7c-6a07-4039-9536-21daf3cb3282","taker_order_id":"f3239839-cc35-4f5d-9baf-992f356229c9","side":"buy","size":"0.05","price":"9120.8","product_id":"BTC-USD","sequence":180755731,"time":"2020-06-30T19:12:44.704867Z"}
{"type":"heartbeat","last_trade_id":0,"product_id":"BTC-USD","sequence":180755732,"time":"2020-06-30T19:12:44.735118Z"}
{"type":"heartbeat","last_trade_id":0,"product_id":"BTC-USD","sequence":180755737,"time":"2020-06-30T19:12:45.735126Z"}
{"type":"heartbeat","last_trade_id":0,"product_id":"BTC-USD","sequence":180755747,"time":"2020-06-30T19:12:46.735113Z"}
{"type":"match","trade_id":14587478,"maker_order_id":"91b59a7c-6a07-4039-9536-21daf3cb3282","taker_order_id":"c69315e7-e5af-4484-baee-584d71597611","side":"buy","size":"5.8652","price":"9120.8","product_id":"BTC-USD","sequence":180755749,"time":"2020-06-30T19:12:46.901239Z"}
{"type":"heartbeat","last_trade_id":0,"product_id":"BTC-USD","sequence":180755753,"time":"2020-06-30T19:12:47.735028Z"}
{"type":"heartbeat","last_trade_id":0,"product_id":"BTC-USD","sequence":180755758,"time":"2020-06-30T19:12:48.735170Z"}
{"type":"heartbeat","last_trade_id":0,"product_id":"BTC-USD","sequence":180755764,"time":"2020-06-30T19:12:49.735112Z"}
{"type":"match","trade_id":14587479,"maker_order_id":"91b59a7c-6a07-4039-9536-21daf3cb3282","taker_order_id":"a546f68a-94ad-4312-a54f-1a979536cac7","side":"buy","size":"0.1","price":"9120.8","product_id":"BTC-USD","sequence":180755766,"time":"2020-06-30T19:12:49.996650Z"}
{"type":"match","trade_id":14587480,"maker_order_id":"91b59a7c-6a07-4039-9536-21daf3cb3282","taker_order_id":"5927e09b-daf4-488e-8a66-5cc335dfdd94","side":"buy","size":"0.05","price":"9120.8","product_id":"BTC-USD","sequence":180755769,"time":"2020-06-30T19:12:50.300073Z"}
{"type":"heartbeat","last_trade_id":0,"product_id":"BTC-USD","sequence":180755770,"time":"2020-06-30T19:12:50.735110Z"}
{"type":"heartbeat","last_trade_id":0,"product_id":"BTC-USD","sequence":180755775,"time":"2020-06-30T19:12:51.735109Z"}
{"type":"match","trade_id":14587481,"maker_order_id":"91b59a7c-6a07-4039-9536-21daf3cb3282","taker_order_id":"3b6e05f8-d3d0-4242-812d-9160f21ce06b","side":"buy","size":"0.0622","price":"9120.8","product_id":"BTC-USD","sequence":180755781,"time":"2020-06-30T19:12:52.485462Z"}
{"type":"heartbeat","last_trade_id":0,"product_id":"BTC-USD","sequence":180755783,"time":"2020-06-30T19:12:52.735117Z"}
{"type":"heartbeat","last_trade_id":0,"product_id":"BTC-USD","sequence":180755791,"time":"2020-06-30T19:12:53.735118Z"}
{"type":"heartbeat","last_trade_id":0,"product_id":"BTC-USD","sequence":180755792,"time":"2020-06-30T19:12:54.735115Z"}
{"type":"heartbeat","last_trade_id":0,"product_id":"BTC-USD","sequence":180755795,"time":"2020-06-30T19:12:55.735119Z"}
{"type":"heartbeat","last_trade_id":0,"product_id":"BTC-USD","sequence":180755797,"time":"2020-06-30T19:12:56.735112Z"}
{"type":"heartbeat","last_trade_id":0,"product_id":"BTC-USD","sequence":180755799,"time":"2020-06-30T19:12:57.735115Z"}
{"type":"heartbeat","last_trade_id":0,"product_id":"BTC-USD","sequence":180755808,"time":"2020-06-30T19:12:58.735111Z"}
{"type":"heartbeat","last_trade_id":0,"product_id":"BTC-USD","sequence":180755816,"time":"2020-06-30T19:12:59.735117Z"}
{"type":"match","trade_id":14587482,"maker_order_id":"91b59a7c-6a07-4039-9536-21daf3cb3282","taker_order_id":"84b169b4-bc89-462b-ba38-537eb16e120e","side":"buy","size":"2.189","price":"9120.8","product_id":"BTC-USD","sequence":180755818,"time":"2020-06-30T19:12:59.830720Z"}
{"type":"match","trade_id":14587483,"maker_order_id":"91b59a7c-6a07-4039-9536-21daf3cb3282","taker_order_id":"da1e4208-55d6-43b9-8c57-b9e7d6b0a622","side":"buy","size":"1.5","price":"9120.8","product_id":"BTC-USD","sequence":180755826,"time":"2020-06-30T19:13:00.645986Z"}
{"type":"heartbeat","last_trade_id":0,"product_id":"BTC-USD","sequence":180755827,"time":"2020-06-30T19:13:00.735113Z"}
{"type":"heartbeat","last_trade_id":0,"product_id":"BTC-USD","sequence":180755833,"time":"2020-06-30T19:13:01.735122Z"}
{"type":"heartbeat","last_trade_id":0,"product_id":"BTC-USD","sequence":180755837,"time":"2020-06-30T19:13:02.735118Z"}
{"type":"match","trade_id":14587484,"maker_order_id":"91b59a7c-6a07-4039-9536-21daf3cb3282","taker_order_id":"5b56383e-6d1c-449b-b6ee-c086cef7d4a7","side":"buy","size":"0.05","price":"9120.8","product_id":"BTC-USD","sequence":180755842,"time":"2020-06-30T19:13:03.432516Z"}
{"type":"heartbeat","last_trade_id":0,"product_id":"BTC-USD","sequence":180755849,"time":"2020-06-30T19:13:03.735118Z"}
{"type":"match","trade_id":14587485,"maker_order_id":"91b59a7c-6a07-4039-9536-21daf3cb3282","taker_order_id":"66288655-406d-4439-994f-a7e1a3755fc1","side":"buy","size":"7.6084","price":"9120.8","product_id":"BTC-USD","sequence":180755851,"time":"2020-06-30T19:13:04.247730Z"}
{"type":"heartbeat","last_trade_id":0,"product_id":"BTC-USD","sequence":180755857,"time":"2020-06-30T19:13:04.735034Z"}
{"type":"heartbeat","last_trade_id":0,"product_id":"BTC-USD","sequence":180755861,"time":"2020-06-30T19:13:05.735181Z"}
{"type":"heartbeat","last_trade_id":0,"product_id":"BTC-USD","sequence":180755866,"time":"2020-06-30T19:13:06.735117Z"}
{"type":"match","trade_id":14587486,"maker_order_id":"91b59a7c-6a07-4039-9536-21daf3cb3282","taker_order_id":"ffb85008-fa46-4ac7-b347-6d3a77dc3de2","side":"buy","size":"0.15","price":"9120.8","product_id":"BTC-USD","sequence":180755870,"time":"2020-06-30T19:13:07.563846Z"}
{"type":"heartbeat","last_trade_id":0,"product_id":"BTC-USD","sequence":180755871,"time":"2020-06-30T19:13:07.735120Z"}
{"type":"match","trade_id":14587487,"maker_order_id":"91b59a7c-6a07-4039-9536-21daf3cb3282","taker_order_id":"bbe2ba6a-2c7c-41c7-8708-a07bd4e19454","side":"buy","size":"0.9","price":"9120.8","product_id":"BTC-USD","sequence":180755877,"time":"2020-06-30T19:13:08.393153Z"}
{"type":"match","trade_id":14587488,"maker_order_id":"91b59a7c-6a07-4039-9536-21daf3cb3282","taker_order_id":"c634eafe-2fcf-4f77-abe3-ba62a57cc17e","side":"buy","size":"0.0088","price":"9120.8","product_id":"BTC-USD","sequence":180755880,"time":"2020-06-30T19:13:08.671949Z"}
{"type":"heartbeat","last_trade_id":0,"product_id":"BTC-USD","sequence":180755881,"time":"2020-06-30T19:13:08.735116Z"}
{"type":"match","trade_id":14587489,"maker_order_id":"91b59a7c-6a07-4039-9536-21daf3cb3282","taker_order_id":"22c4fb1d-79d2-494c-a867-3f83498ef0d1","side":"buy","size":"3.99","price":"9120.8","product_id":"BTC-USD","sequence":180755884,"time":"2020-06-30T19:13:09.234697Z"}
{"type":"heartbeat","last_trade_id":0,"product_id":"BTC-USD","sequence":180755885,"time":"2020-06-30T19:13:09.735114Z"}
{"type":"match","trade_id":14587490,"maker_order_id":"91b59a7c-6a07-4039-9536-21daf3cb3282","taker_order_id":"bea32de6-ee34-4c88-ad83-6d28371dda5b","side":"buy","size":"0.11","price":"9120.8","product_id":"BTC-USD","sequence":180755887,"time":"2020-06-30T19:13:10.038766Z"}
{"type":"heartbeat","last_trade_id":0,"product_id":"BTC-USD","sequence":180755889,"time":"2020-06-30T19:13:10.735124Z"}
{"type":"match","trade_id":14587491,"maker_order_id":"91b59a7c-6a07-4039-9536-21daf3cb3282","taker_order_id":"5b689cba-1716-4ab3-a977-a807cc807a36","side":"buy","size":"0.001","price":"9120.8","product_id":"BTC-USD","sequence":180755898,"time":"2020-06-30T19:13:11.656504Z"}
{"type":"heartbeat","last_trade_id":0,"product_id":"BTC-USD","sequence":180755901,"time":"2020-06-30T19:13:11.735114Z"}
{"type":"heartbeat","last_trade_id":0,"product_id":"BTC-USD","sequence":180755908,"time":"2020-06-30T19:13:12.735112Z"}
{"type":"heartbeat","last_trade_id":0,"product_id":"BTC-USD","sequence":180755910,"time":"2020-06-30T19:13:13.735109Z"}
{"type":"heartbeat","last_trade_id":0,"product_id":"BTC-USD","sequence":180755918,"time":"2020-06-30T19:13:14.735119Z"}
{"type":"match","trade_id":14587492,"maker_order_id":"91b59a7c-6a07-4039-9536-21daf3cb3282","taker_order_id":"ef592dbf-f398-479f-a3a0-474a728d0bdc","side":"buy","size":"1.645","price":"9120.8","product_id":"BTC-USD","sequence":180755920,"time":"2020-06-30T19:13:14.790713Z"}
{"type":"match","trade_id":14587493,"maker_order_id":"91b59a7c-6a07-4039-9536-21daf3cb3282","taker_order_id":"73e35a8f-7ee6-4c35-aed5-dea551701898","side":"buy","size":"1.3144","price":"9120.8","product_id":"BTC-USD","sequence":180755924,"time":"2020-06-30T19:13:15.347762Z"}
{"type":"heartbeat","last_trade_id":0,"product_id":"BTC-USD","sequence":180755925,"time":"2020-06-30T19:13:15.735112Z"}
{"type":"heartbeat","last_trade_id":0,"product_id":"BTC-USD","sequence":180755930,"time":"2020-06-30T19:13:16.735116Z"}
{"type":"heartbeat","last_trade_id":0,"product_id":"BTC-USD","sequence":180755933,"time":"2020-06-30T19:13:17.735115Z"}
{"type":"heartbeat","last_trade_id":0,"product_id":"BTC-USD","sequence":180755937,"time":"2020-06-30T19:13:18.735119Z"}
{"type":"match","trade_id":14587494,"maker_order_id":"91b59a7c-6a07-4039-9536-21daf3cb3282","taker_order_id":"a0953a58-d214-4580-8dd7-67ec35ac3e59","side":"buy","size":"4.9542","price":"9120.8","product_id":"BTC-USD","sequence":180755939,"time":"2020-06-30T19:13:18.982320Z"}
{"type":"match","trade_id":14587495,"maker_order_id":"91b59a7c-6a07-4039-9536-21daf3cb3282","taker_order_id":"eca67175-b3e9-4b8f-b0c7-beb9a91030de","side":"buy","size":"0.4187","price":"9120.8","product_id":"BTC-USD","sequence":180755945,"time":"2020-06-30T19:13:19.267099Z"}
{"type":"heartbeat","last_trade_id":0,"product_id":"BTC-USD","sequence":180755947,"time":"2020-06-30T19:13:19.735113Z"}
{"type":"match","trade_id":14587496,"maker_order_id":"91b59a7c-6a07-4039-9536-21daf3cb3282","taker_order_id":"09ea60c2-f710-4d75-9548-4cacc4c0a938","side":"buy","size":"0.15","price":"9120.8","product_id":"BTC-USD","sequence":180755951,"time":"2020-06-30T19:13:20.106139Z"}
{"type":"heartbeat","last_trade_id":0,"product_id":"BTC-USD","sequence":180755954,"time":"2020-06-30T19:13:20.735118Z"}
{"type":"heartbeat","last_trade_id":0,"product_id":"BTC-USD","sequence":180755963,"time":"2020-06-30T19:13:21.735122Z"}
{"type":"heartbeat","last_trade_id":0,"product_id":"BTC-USD","sequence":180755965,"time":"2020-06-30T19:13:22.735117Z"}
{"type":"match","trade_id":14587497,"maker_order_id":"91b59a7c-6a07-4039-9536-21daf3cb3282","taker_order_id":"3a3db76d-3b75-4a49-a4c3-a54b93aff333","side":"buy","size":"3.4266","price":"9120.8","product_id":"BTC-USD","sequence":180755967,"time":"2020-06-30T19:13:22.819990Z"}
{"type":"heartbeat","last_trade_id":0,"product_id":"BTC-USD","sequence":180755970,"time":"2020-06-30T19:13:23.735117Z"}
{"type":"heartbeat","last_trade_id":0,"product_id":"BTC-USD","sequence":180755972,"time":"2020-06-30T19:13:24.735112Z"}
{"type":"heartbeat","last_trade_id":0,"product_id":"BTC-USD","sequence":180755976,"time":"2020-06-30T19:13:25.735119Z"}
{"type":"match","trade_id":14587498,"maker_order_id":"91b59a7c-6a07-4039-9536-21daf3cb3282","taker_order_id":"2acf3ed9-14c1-4c3b-a036-90ef8ee709b2","side":"buy","size":"0.9","price":"9120.8","product_id":"BTC-USD","sequence":180755983,"time":"2020-06-30T19:13:26.730509Z"}
{"type":"heartbeat","last_trade_id":0,"product_id":"BTC-USD","sequence":180755984,"time":"2020-06-30T19:13:26.735117Z"}
{"type":"heartbeat","last_trade_id":0,"product_id":"BTC-USD","sequence":180755986,"time":"2020-06-30T19:13:27.735116Z"}
{"type":"match","trade_id":14587499,"maker_order_id":"91b59a7c-6a07-4039-9536-21daf3cb3282","taker_order_id":"7fac3ec1-75c6-49c9-a716-05276d398569","side":"buy","size":"3.999","price":"9120.8","product_id":"BTC-USD","sequence":180755988,"time":"2020-06-30T19:13:28.115389Z"}
{"type":"heartbeat","last_trade_id":0,"product_id":"BTC-USD","sequence":180755991,"time":"2020-06-30T19:13:28.735117Z"}
{"type":"match","trade_id":14587500,"maker_order_id":"91b59a7c-6a07-4039-9536-21daf3cb3282","taker_order_id":"f54931f3-7e77-46e9-8f3b-ed985f6a284e","side":"buy","size":"1.9894","price":"9120.8","product_id":"BTC-USD","sequence":180755996,"time":"2020-06-30T19:13:29.482472Z"}
{"type":"heartbeat","last_trade_id":0,"product_id":"BTC-USD","sequence":180755997,"time":"2020-06-30T19:13:29.735115Z"}
{"type":"match","trade_id":14587501,"maker_order_id":"91b59a7c-6a07-4039-9536-21daf3cb3282","taker_order_id":"f274caf8-94ae-448d-a9ef-66b1b23586bf","side":"buy","size":"0.05","price":"9120.8","product_id":"BTC-USD","sequence":180756002,"time":"2020-06-30T19:13:30.306685Z"}
{"type":"heartbeat","last_trade_id":0,"product_id":"BTC-USD","sequence":180756004,"time":"2020-06-30T19:13:30.735111Z"}
{"type":"match","trade_id":14587502,"maker_order_id":"91b59a7c-6a07-4039-9536-21daf3cb3282","taker_order_id":"fc202a72-1c37-4627-a166-8a2f86771894","side":"buy","size":"0.05","price":"9120.8","product_id":"BTC-USD","sequence":180756006,"time":"2020-06-30T19:13:31.149289Z"}
{"type":"heartbeat","last_trade_id":0,"product_id":"BTC-USD","sequence":180756009,"time":"2020-06-30T19:13:31.735112Z"}
{"type":"heartbeat","last_trade_id":0,"product_id":"BTC-USD","sequence":180756012,"time":"2020-06-30T19:13:32.735108Z"}
{"type":"match","trade_id":14587503,"maker_order_id":"91b59a7c-6a07-4039-9536-21daf3cb3282","taker_order_id":"8a3cdaee-cfdc-4a03-b733-ed80e0557908","side":"buy","size":"0.285","price":"9120.8","product_id":"BTC-USD","sequence":180756014,"time":"2020-06-30T19:13:33.399177Z"}
{"type":"match","trade_id":14587504,"maker_order_id":"91b59a7c-6a07-4039-9536-21daf3cb3282","taker_order_id":"51c1b6a4-ca93-47d6-8d22-44153cbe4a74","side":"buy","size":"0.0659","price":"9120.8","product_id":"BTC-USD","sequence":180756017,"time":"2020-06-30T19:13:33.653202Z"}
{"type":"heartbeat","last_trade_id":0,"product_id":"BTC-USD","sequence":180756018,"time":"2020-06-30T19:13:33.735120Z"}
{"type":"match","trade_id":14587505,"maker_order_id":"91b59a7c-6a07-4039-9536-21daf3cb3282","taker_order_id":"c9729346-5759-4f05-8185-38f915582904","side":"buy","size":"0.9","price":"9120.8","product_id":"BTC-USD","sequence":180756022,"time":"2020-06-30T19:13:33.958661Z"}
{"type":"heartbeat","last_trade_id":0,"product_id":"BTC-USD","sequence":180756030,"time":"2020-06-30T19:13:34.735114Z"}
{"type":"heartbeat","last_trade_id":0,"product_id":"BTC-USD","sequence":180756038,"time":"2020-06-30T19:13:35.735106Z"}
{"type":"match","trade_id":14587506,"maker_order_id":"91b59a7c-6a07-4039-9536-21daf3cb3282","taker_order_id":"fcd0f47e-ab74-4051-a4ad-58aebe2ae6f1","side":"buy","size":"1.0099","price":"9120.8","product_id":"BTC-USD","sequence":180756044,"time":"2020-06-30T19:13:36.396973Z"}
{"type":"heartbeat","last_trade_id":0,"product_id":"BTC-USD","sequence":180756047,"time":"2020-06-30T19:13:36.735091Z"}
{"type":"heartbeat","last_trade_id":0,"product_id":"BTC-USD","sequence":180756048,"time":"2020-06-30T19:13:37.735115Z"}
{"type":"heartbeat","last_trade_id":0,"product_id":"BTC-USD","sequence":180756055,"time":"2020-06-30T19:13:38.735112Z"}
{"type":"heartbeat","last_trade_id":0,"product_id":"BTC-USD","sequence":180756059,"time":"2020-06-30T19:13:39.735069Z"}
{"type":"match","trade_id":14587507,"maker_order_id":"91b59a7c-6a07-4039-9536-21daf3cb3282","taker_order_id":"37ab1f6c-5a23-4c41-bb72-5e404a53f19e","side":"buy","size":"0.0659","price":"9120.8","product_id":"BTC-USD","sequence":180756062,"time":"2020-06-30T19:13:40.056410Z"}
{"type":"match","trade_id":14587508,"maker_order_id":"91b59a7c-6a07-4039-9536-21daf3cb3282","taker_order_id":"e857f517-a2d4-4e69-8bfc-37cfc40aaa2c","side":"buy","size":"0.0659","price":"9120.8","product_id":"BTC-USD","sequence":180756065,"time":"2020-06-30T19:13:40.322481Z"}
{"type":"heartbeat","last_trade_id":0,"product_id":"BTC-USD","sequence":180756069,"time":"2020-06-30T19:13:40.735091Z"}
{"type":"match","trade_id":14587509,"maker_order_id":"91b59a7c-6a07-4039-9536-21daf3cb3282","taker_order_id":"e60c5235-0da1-45e2-8887-52661e7157ac","side":"buy","size":"0.05","price":"9120.8","product_id":"BTC-USD","sequence":180756072,"time":"2020-06-30T19:13:41.147058Z"}
{"type":"match","trade_id":14587510,"maker_order_id":"36fe0734-4801-466d-b093-cccd411db09a","taker_order_id":"c9a28e51-3a76-4a8b-aac7-8f272d0816b7","side":"sell","size":"0.001","price":"9120.82","product_id":"BTC-USD","sequence":180756075,"time":"2020-06-30T19:13:41.270741Z"}
{"type":"heartbeat","last_trade_id":0,"product_id":"BTC-USD","sequence":180756080,"time":"2020-06-30T19:13:41.735118Z"}
{"type":"match","trade_id":14587511,"maker_order_id":"91b59a7c-6a07-4039-9536-21daf3cb3282","taker_order_id":"72b12e98-439c-42d4-80ce-73b2eb78687a","side":"buy","size":"0.0659","price":"9120.8","product_id":"BTC-USD","sequence":180756085,"time":"2020-06-30T19:13:41.961708Z"}
{"type":"heartbeat","last_trade_id":0,"product_id":"BTC-USD","sequence":180756088,"time":"2020-06-30T19:13:42.735116Z"}
{"type":"match","trade_id":14587512,"maker_order_id":"91b59a7c-6a07-4039-9536-21daf3cb3282","taker_order_id":"f4850864-3794-4f76-8c0c-7c7166dd1768","side":"buy","size":"1.645","price":"9120.8","product_id":"BTC-USD","sequence":180756092,"time":"2020-06-30T19:13:43.345554Z"}
{"type":"heartbeat","last_trade_id":0,"product_id":"BTC-USD","sequence":180756097,"time":"2020-06-30T19:13:43.735113Z"}
{"type":"heartbeat","last_trade_id":0,"product_id":"BTC-USD","sequence":180756103,"time":"2020-06-30T19:13:44.734954Z"}
{"type":"heartbeat","last_trade_id":0,"product_id":"BTC-USD","sequence":180756107,"time":"2020-06-30T19:13:45.735127Z"}
{"type":"match","trade_id":14587513,"maker_order_id":"91b59a7c-6a07-4039-9536-21daf3cb3282","taker_order_id":"c8cad702-dbfc-4d06-adef-3f9cb5d1c37f","side":"buy","size":"5.2887","price":"9120.8","product_id":"BTC-USD","sequence":180756114,"time":"2020-06-30T19:13:46.164208Z"}
{"type":"heartbeat","last_trade_id":0,"product_id":"BTC-USD","sequence":180756119,"time":"2020-06-30T19:13:46.735118Z"}
{"type":"match","trade_id":14587514,"maker_order_id":"91b59a7c-6a07-4039-9536-21daf3cb3282","taker_order_id":"60ba5b3c-4bc5-48d3-bf73-3ebe57f9cde3","side":"buy","size":"0.05","price":"9120.8","product_id":"BTC-USD","sequence":180756121,"time":"2020-06-30T19:13:47.549579Z"}
{"type":"heartbeat","last_trade_id":0,"product_id":"BTC-USD","sequence":180756122,"time":"2020-06-30T19:13:47.735112Z"}
{"type":"heartbeat","last_trade_id":0,"product_id":"BTC-USD","sequence":180756127,"time":"2020-06-30T19:13:48.735111Z"}
{"type":"heartbeat","last_trade_id":0,"product_id":"BTC-USD","sequence":180756131,"time":"2020-06-30T19:13:49.735116Z"}
{"type":"match","trade_id":14587515,"maker_order_id":"91b59a7c-6a07-4039-9536-21daf3cb3282","taker_order_id":"06bd4ce0-4c72-47c2-a893-d6d460af58d9","side":"buy","size":"0.05","price":"9120.8","product_id":"BTC-USD","sequence":180756133,"time":"2020-06-30T19:13:49.778529Z"}
{"type":"match","trade_id":14587516,"maker_order_id":"91b59a7c-6a07-4039-9536-21daf3cb3282","taker_order_id":"9d331116-7664-4f99-a09b-b627d442ca9f","side":"buy","size":"0.9","price":"9120.8","product_id":"BTC-USD","sequence":180756136,"time":"2020-06-30T19:13:50.057515Z"}
{"type":"match","trade_id":14587517,"maker_order_id":"91b59a7c-6a07-4039-9536-21daf3cb3282","taker_order_id":"37736856-9841-48ce-b552-ecda0b60fd6a","side":"buy","size":"0.9","price":"9120.8","product_id":"BTC-USD","sequence":180756139,"time":"2020-06-30T19:13:50.327773Z"}
{"type":"heartbeat","last_trade_id":0,"product_id":"BTC-USD","sequence":180756141,"time":"2020-06-30T19:13:50.735127Z"}
{"type":"match","trade_id":14587518,"maker_order_id":"91b59a7c-6a07-4039-9536-21daf3cb3282","taker_order_id":"c55962f5-ae10-41a3-bdce-a3ad4c82aa5c","side":"buy","size":"0.0131","price":"9120.8","product_id":"BTC-USD","sequence":180756143,"time":"2020-06-30T19:13:51.434404Z"}
{"type":"match","trade_id":14587519,"maker_order_id":"91b59a7c-6a07-4039-9536-21daf3cb3282","taker_order_id":"d2758668-0572-432b-8946-fa905ad323a1","side":"buy","size":"0.06","price":"9120.8","product_id":"BTC-USD","sequence":180756146,"time":"2020-06-30T19:13:51.711751Z"}
{"type":"heartbeat","last_trade_id":0,"product_id":"BTC-USD","sequence":180756147,"time":"2020-06-30T19:13:51.735099Z"}
{"type":"heartbeat","last_trade_id":0,"product_id":"BTC-USD","sequence":180756154,"time":"2020-06-30T19:13:52.735097Z"}
{"type":"heartbeat","last_trade_id":0,"product_id":"BTC-USD","sequence":180756158,"time":"2020-06-30T19:13:53.735126Z"}
{"type":"match","trade_id":14587520,"maker_order_id":"91b59a7c-6a07-4039-9536-21daf3cb3282","taker_order_id":"887f6009-46b6-4c61-af4d-897f7885767a","side":"buy","size":"1.1391","price":"9120.8","product_id":"BTC-USD","sequence":180756162,"time":"2020-06-30T19:13:54.030506Z"}
{"type":"heartbeat","last_trade_id":0,"product_id":"BTC-USD","sequence":180756167,"time":"2020-06-30T19:13:54.735115Z"}
{"type":"match","trade_id":14587521,"maker_order_id":"91b59a7c-6a07-4039-9536-21daf3cb3282","taker_order_id":"c8aa6c7e-d74f-4025-82b4-c1aec416ed71","side":"buy","size":"0.9002","price":"9120.8","product_id":"BTC-USD","sequence":180756170,"time":"2020-06-30T19:13:54.836560Z"}
{"type":"heartbeat","last_trade_id":0,"product_id":"BTC-USD","sequence":180756173,"time":"2020-06-30T19:13:55.735096Z"}
{"type":"match","trade_id":14587522,"maker_order_id":"91b59a7c-6a07-4039-9536-21daf3cb3282","taker_order_id":"09f43539-eb0f-4f21-a402-5ec518a8ad17","side":"buy","size":"5.377","price":"9120.8","product_id":"BTC-USD","sequence":180756175,"time":"2020-06-30T19:13:56.335852Z"}
{"type":"heartbeat","last_trade_id":0,"product_id":"BTC-USD","sequence":180756176,"time":"2020-06-30T19:13:56.735096Z"}
{"type":"match","trade_id":14587523,"maker_order_id":"91b59a7c-6a07-4039-9536-21daf3cb3282","taker_order_id":"686e89f9-29d5-4896-a619-072b3347c24f","side":"buy","size":"0.3715","price":"9120.8","product_id":"BTC-USD","sequence":180756178,"time":"2020-06-30T19:13:56.971082Z"}
{"type":"heartbeat","last_trade_id":0,"product_id":"BTC-USD","sequence":180756183,"time":"2020-06-30T19:13:57.735099Z"}
{"type":"match","trade_id":14587524,"maker_order_id":"91b59a7c-6a07-4039-9536-21daf3cb3282","taker_order_id":"17260450-eff6-45d8-8375-a99cd0412de2","side":"buy","size":"0.0659","price":"9120.8","product_id":"BTC-USD","sequence":180756185,"time":"2020-06-30T19:13:58.346773Z"}
{"type":"match","trade_id":14587525,"maker_order_id":"91b59a7c-6a07-4039-9536-21daf3cb3282","taker_order_id":"082a7abc-bfb2-4846-b9d3-76800bcf6dd2","side":"buy","size":"0.545","price":"9120.8","product_id":"BTC-USD","sequence":180756189,"time":"2020-06-30T19:13:58.619436Z"}
{"type":"heartbeat","last_trade_id":0,"product_id":"BTC-USD","sequence":180756192,"time":"2020-06-30T19:13:58.735099Z"}
{"type":"heartbeat","last_trade_id":0,"product_id":"BTC-USD","sequence":180756198,"time":"2020-06-30T19:13:59.735109Z"}
{"type":"match","trade_id":14587526,"maker_order_id":"91b59a7c-6a07-4039-9536-21daf3cb3282","taker_order_id":"2c8d4cf1-2a89-43f7-9e6c-2c5274e168f1","side":"buy","size":"0.0359","price":"9120.8","product_id":"BTC-USD","sequence":180756200,"time":"2020-06-30T19:14:00.338338Z"}
{"type":"heartbeat","last_trade_id":0,"product_id":"BTC-USD","sequence":180756203,"time":"2020-06-30T19:14:00.735123Z"}
{"type":"match","trade_id":14587527,"maker_order_id":"91b59a7c-6a07-4039-9536-21daf3cb3282","taker_order_id":"83fa9f06-9b8a-46d1-b966-ed17cda99bb1","side":"buy","size":"0.3293","price":"9120.8","product_id":"BTC-USD","sequence":180756210,"time":"2020-06-30T19:14:01.477033Z"}
{"type":"heartbeat","last_trade_id":0,"product_id":"BTC-USD","sequence":180756212,"time":"2020-06-30T19:14:01.735120Z"}
{"type":"heartbeat","last_trade_id":0,"product_id":"BTC-USD","sequence":180756216,"time":"2020-06-30T19:14:02.735115Z"}
{"type":"match","trade_id":14587528,"maker_order_id":"91b59a7c-6a07-4039-9536-21daf3cb3282","taker_order_id":"71226fe3-674f-41cc-a02e-2af1c2b3a439","side":"buy","size":"0.0325","price":"9120.8","product_id":"BTC-USD","sequence":180756218,"time":"2020-06-30T19:14:02.858730Z"}
{"type":"heartbeat","last_trade_id":0,"product_id":"BTC-USD","sequence":180756219,"time":"2020-06-30T19:14:03.735022Z"}
{"type":"match","trade_id":14587529,"maker_order_id":"91b59a7c-6a07-4039-9536-21daf3cb3282","taker_order_id":"286a3c65-4d17-47f9-b13e-b758ac12458e","side":"buy","size":"0.1835","price":"9120.8","product_id":"BTC-USD","sequence":180756221,"time":"2020-06-30T19:14:03.754558Z"}
{"type":"match","trade_id":14587530,"maker_order_id":"91b59a7c-6a07-4039-9536-21daf3cb3282","taker_order_id":"cdeaba59-6819-4502-ba2f-3c11cdc2762d","side":"buy","size":"0.1835","price":"9120.8","product_id":"BTC-USD","sequence":180756224,"time":"2020-06-30T19:14:03.974994Z"}
{"type":"heartbeat","last_trade_id":0,"product_id":"BTC-USD","sequence":180756226,"time":"2020-06-30T19:14:04.735172Z"}
{"type":"match","trade_id":14587531,"maker_order_id":"91b59a7c-6a07-4039-9536-21daf3cb3282","taker_order_id":"7bc8fde6-c0f5-4de7-8571-fcf788fe37d5","side":"buy","size":"0.0659","price":"9120.8","product_id":"BTC-USD","sequence":180756230,"time":"2020-06-30T19:14:05.649981Z"}
{"type":"heartbeat","last_trade_id":0,"product_id":"BTC-USD","sequence":180756231,"time":"2020-06-30T19:14:05.735117Z"}
{"type":"match","trade_id":14587532,"maker_order_id":"91b59a7c-6a07-4039-9536-21daf3cb3282","taker_order_id":"18c79bff-b997-4cb5-859f-5e0a1782483f","side":"buy","size":"0.0359","price":"9120.8","product_id":"BTC-USD","sequence":180756238,"time":"2020-06-30T19:14:06.502522Z"}
{"type":"heartbeat","last_trade_id":0,"product_id":"BTC-USD","sequence":180756239,"time":"2020-06-30T19:14:06.735110Z"}
{"type":"heartbeat","last_trade_id":0,"product_id":"BTC-USD","sequence":180756241,"time":"2020-06-30T19:14:07.735109Z"}
{"type":"heartbeat","last_trade_id":0,"product_id":"BTC-USD","sequence":180756243,"time":"2020-06-30T19:14:08.735120Z"}
{"type":"match","trade_id":14587533,"maker_order_id":"91b59a7c-6a07-4039-9536-21daf3cb3282","taker_order_id":"0295ea63-22b6-419e-80f4-17f7403d14a2","side":"buy","size":"0.0659","price":"9120.8","product_id":"BTC-USD","sequence":180756248,"time":"2020-06-30T19:14:09.082399Z"}
{"type":"heartbeat","last_trade_id":0,"product_id":"BTC-USD","sequence":180756251,"time":"2020-06-30T19:14:09.735116Z"}
{"type":"match","trade_id":14587534,"maker_order_id":"91b59a7c-6a07-4039-9536-21daf3cb3282","taker_order_id":"008140a4-c860-4fc2-8424-55f882f37a8c","side":"buy","size":"0.0359","price":"9120.8","product_id":"BTC-USD","sequence":180756253,"time":"2020-06-30T19:14:10.226392Z"}
{"type":"heartbeat","last_trade_id":0,"product_id":"BTC-USD","sequence":180756257,"time":"2020-06-30T19:14:10.735033Z"}
{"type":"match","trade_id":14587535,"maker_order_id":"91b59a7c-6a07-4039-9536-21daf3cb3282","taker_order_id":"7d61c84f-a87c-492c-b2ed-557cc9bb4675","side":"buy","size":"0.001","price":"9120.8","product_id":"BTC-USD","sequence":180756259,"time":"2020-06-30T19:14:10.863252Z"}
{"type":"heartbeat","last_trade_id":0,"product_id":"BTC-USD","sequence":180756262,"time":"2020-06-30T19:14:11.735170Z"}
{"type":"heartbeat","last_trade_id":0,"product_id":"BTC-USD","sequence":180756270,"time":"2020-06-30T19:14:12.735117Z"}
{"type":"match","trade_id":14587536,"maker_order_id":"91b59a7c-6a07-4039-9536-21daf3cb3282","taker_order_id":"1ae385dd-4bdb-4bb2-a20a-f72cd24db03d","side":"buy","size":"0.0359","price":"9120.8","product_id":"BTC-USD","sequence":180756274,"time":"2020-06-30T19:14:12.962538Z"}
{"type":"heartbeat","last_trade_id":0,"product_id":"BTC-USD","sequence":180756278,"time":"2020-06-30T19:14:13.735122Z"}
{"type":"match","trade_id":14587537,"maker_order_id":"91b59a7c-6a07-4039-9536-21daf3cb3282","taker_order_id":"76bdd832-18ad-4a17-b83e-3eda1b604124","side":"buy","size":"0.176","price":"9120.8","product_id":"BTC-USD","sequence":180756289,"time":"2020-06-30T19:14:14.381414Z"}
{"type":"heartbeat","last_trade_id":0,"product_id":"BTC-USD","sequence":180756292,"time":"2020-06-30T19:14:14.735118Z"}
{"type":"match","trade_id":14587538,"maker_order_id":"91b59a7c-6a07-4039-9536-21daf3cb3282","taker_order_id":"3d12aa68-8e3f-4cab-b647-b4347d522fcd","side":"buy","size":"0.9","price":"9120.8","product_id":"BTC-USD","sequence":180756298,"time":"2020-06-30T19:14:15.218020Z"}
{"type":"heartbeat","last_trade_id":0,"product_id":"BTC-USD","sequence":180756299,"time":"2020-06-30T19:14:15.735119Z"}
{"type":"match","trade_id":14587539,"maker_order_id":"91b59a7c-6a07-4039-9536-21daf3cb3282","taker_order_id":"4b47bf36-a866-4477-a805-bc3ce7a5e364","side":"buy","size":"0.1177","price":"9120.8","product_id":"BTC-USD","sequence":180756301,"time":"2020-06-30T19:14:15.759072Z"}
{"type":"match","trade_id":14587540,"maker_order_id":"91b59a7c-6a07-4039-9536-21daf3cb3282","taker_order_id":"c0b6f370-a9f8-4e2c-b758-7278bdefeb23","side":"buy","size":"0.3088","price":"9120.8","product_id":"BTC-USD","sequence":180756305,"time":"2020-06-30T19:14:16.612026Z"}
{"type":"heartbeat","last_trade_id":0,"product_id":"BTC-USD","sequence":180756306,"time":"2020-06-30T19:14:16.735120Z"}
{"type":"match","trade_id":14587541,"maker_order_id":"91b59a7c-6a07-4039-9536-21daf3cb3282","taker_order_id":"b1dadc1c-f2f1-4cb2-a137-7302b2cacf8f","side":"buy","size":"0.545","price":"9120.8","product_id":"BTC-USD","sequence":180756309,"time":"2020-06-30T19:14:17.411100Z"}
{"type":"heartbeat","last_trade_id":0,"product_id":"BTC-USD","sequence":180756312,"time":"2020-06-30T19:14:17.735115Z"}
{"type":"match","trade_id":14587542,"maker_order_id":"91b59a7c-6a07-4039-9536-21daf3cb3282","taker_order_id":"f6623bdd-c307-4097-8648-d0344159c704","side":"buy","size":"4.5693","price":"9120.8","product_id":"BTC-USD","sequence":180756315,"time":"2020-06-30T19:14:17.971723Z"}
{"type":"match","trade_id":14587543,"maker_order_id":"91b59a7c-6a07-4039-9536-21daf3cb3282","taker_order_id":"039aa775-4a4c-43da-8d25-7b35304dc99d","side":"buy","size":"0.0658","price":"9120.8","product_id":"BTC-USD","sequence":180756318,"time":"2020-06-30T19:14:18.257333Z"}
{"type":"heartbeat","last_trade_id":0,"product_id":"BTC-USD","sequence":180756321,"time":"2020-06-30T19:14:18.735119Z"}
{"type":"heartbeat","last_trade_id":0,"product_id":"BTC-USD","sequence":180756325,"time":"2020-06-30T19:14:19.735123Z"}
{"type":"match","trade_id":14587544,"maker_order_id":"91b59a7c-6a07-4039-9536-21daf3cb3282","taker_order_id":"cd9d26c3-0537-4a45-afa1-0feeea3edd52","side":"buy","size":"0.0658","price":"9120.8","product_id":"BTC-USD","sequence":180756327,"time":"2020-06-30T19:14:19.809969Z"}
{"type":"heartbeat","last_trade_id":0,"product_id":"BTC-USD","sequence":180756332,"time":"2020-06-30T19:14:20.735119Z"}
{"type":"heartbeat","last_trade_id":0,"product_id":"BTC-USD","sequence":180756335,"time":"2020-06-30T19:14:21.735068Z"}
{"type":"match","trade_id":14587545,"maker_order_id":"91b59a7c-6a07-4039-9536-21daf3cb3282","taker_order_id":"717e005f-b8a8-457a-93f0-8f38ef828d25","side":"buy","size":"0.2572","price":"9120.8","product_id":"BTC-USD","sequence":180756339,"time":"2020-06-30T19:14:22.602868Z"}
{"type":"heartbeat","last_trade_id":0,"product_id":"BTC-USD","sequence":180756340,"time":"2020-06-30T19:14:22.735097Z"}
{"type":"heartbeat","last_trade_id":0,"product_id":"BTC-USD","sequence":180756342,"time":"2020-06-30T19:14:23.735117Z"}
{"type":"match","trade_id":14587546,"maker_order_id":"91b59a7c-6a07-4039-9536-21daf3cb3282","taker_order_id":"54559fbc-c302-45b4-b837-a1088f990eff","side":"buy","size":"0.9","price":"9120.8","product_id":"BTC-USD","sequence":180756344,"time":"2020-06-30T19:14:24.220935Z"}
{"type":"heartbeat","last_trade_id":0,"product_id":"BTC-USD","sequence":180756348,"time":"2020-06-30T19:14:24.735071Z"}
{"type":"match","trade_id":14587547,"maker_order_id":"91b59a7c-6a07-4039-9536-21daf3cb3282","taker_order_id":"694954fc-b43f-43f3-86d8-87bb685d585b","side":"buy","size":"1.5","price":"9120.8","product_id":"BTC-USD","sequence":180756350,"time":"2020-06-30T19:14:24.803736Z"}
{"type":"match","trade_id":14587548,"maker_order_id":"91b59a7c-6a07-4039-9536-21daf3cb3282","taker_order_id":"ce489b22-22a5-4de3-9334-a84224fd409d","side":"buy","size":"0.05","price":"9120.8","product_id":"BTC-USD","sequence":180756357,"time":"2020-06-30T19:14:25.453276Z"}
{"type":"heartbeat","last_trade_id":0,"product_id":"BTC-USD","sequence":180756360,"time":"2020-06-30T19:14:25.735097Z"}
{"type":"match","trade_id":14587549,"maker_order_id":"91b59a7c-6a07-4039-9536-21daf3cb3282","taker_order_id":"2181cde4-61e2-47a7-aede-087bd506ef0b","side":"buy","size":"4.2357","price":"9120.8","product_id":"BTC-USD","sequence":180756364,"time":"2020-06-30T19:14:26.034592Z"}
{"type":"heartbeat","last_trade_id":0,"product_id":"BTC-USD","sequence":180756365,"time":"2020-06-30T19:14:26.735085Z"}
{"type":"match","trade_id":14587550,"maker_order_id":"91b59a7c-6a07-4039-9536-21daf3cb3282","taker_order_id":"dd39a220-43ea-4219-9cfe-8bb238e90fdb","side":"buy","size":"0.9","price":"9120.8","product_id":"BTC-USD","sequence":180756367,"time":"2020-06-30T19:14:26.869619Z"}
{"type":"heartbeat","last_trade_id":0,"product_id":"BTC-USD","sequence":180756372,"time":"2020-06-30T19:14:27.735094Z"}
{"type":"heartbeat","last_trade_id":0,"product_id":"BTC-USD","sequence":180756375,"time":"2020-06-30T19:14:28.735036Z"}
{"type":"match","trade_id":14587551,"maker_order_id":"91b59a7c-6a07-4039-9536-21daf3cb3282","taker_order_id":"b5df9214-2132-47c0-b8b8-6912d3e38970","side":"buy","size":"0.0033","price":"9120.8","product_id":"BTC-USD","sequence":180756380,"time":"2020-06-30T19:14:29.151322Z"}
{"type":"heartbeat","last_trade_id":0,"product_id":"BTC-USD","sequence":180756383,"time":"2020-06-30T19:14:29.735170Z"}
{"type":"heartbeat","last_trade_id":0,"product_id":"BTC-USD","sequence":180756388,"time":"2020-06-30T19:14:30.735124Z"}
{"type":"heartbeat","last_trade_id":0,"product_id":"BTC-USD","sequence":180756388,"time":"2020-06-30T19:14:31.735122Z"}
{"type":"heartbeat","last_trade_id":0,"product_id":"BTC-USD","sequence":180756390,"time":"2020-06-30T19:14:32.735120Z"}
{"type":"match","trade_id":14587552,"maker_order_id":"91b59a7c-6a07-4039-9536-21daf3cb3282","taker_order_id":"d0f626cf-5742-4c8f-ae3f-500a9106bcd4","side":"buy","size":"0.05","price":"9120.8","product_id":"BTC-USD","sequence":180756392,"time":"2020-06-30T19:14:33.655116Z"}
{"type":"heartbeat","last_trade_id":0,"product_id":"BTC-USD","sequence":180756393,"time":"2020-06-30T19:14:33.735123Z"}
{"type":"match","trade_id":14587553,"maker_order_id":"91b59a7c-6a07-4039-9536-21daf3cb3282","taker_order_id":"ca4b735a-594b-4a1f-9034-9fe771e1b786","side":"buy","size":"0.05","price":"9120.8","product_id":"BTC-USD","sequence":180756395,"time":"2020-06-30T19:14:34.467518Z"}
{"type":"heartbeat","last_trade_id":0,"product_id":"BTC-USD","sequence":180756396,"time":"2020-06-30T19:14:34.735117Z"}
{"type":"match","trade_id":14587554,"maker_order_id":"91b59a7c-6a07-4039-9536-21daf3cb3282","taker_order_id":"8383a37c-59ff-4ad6-a0a4-3dcbf0e7e412","side":"buy","size":"0.0013","price":"9120.8","product_id":"BTC-USD","sequence":180756398,"time":"2020-06-30T19:14:34.751308Z"}
{"type":"match","trade_id":14587555,"maker_order_id":"91b59a7c-6a07-4039-9536-21daf3cb3282","taker_order_id":"01ffe599-530d-4227-b17c-734723e6099e","side":"buy","size":"0.0625","price":"9120.8","product_id":"BTC-USD","sequence":180756401,"time":"2020-06-30T19:14:35.358126Z"}
{"type":"heartbeat","last_trade_id":0,"product_id":"BTC-USD","sequence":180756402,"time":"2020-06-30T19:14:35.735121Z"}
{"type":"heartbeat","last_trade_id":0,"product_id":"BTC-USD","sequence":180756407,"time":"2020-06-30T19:14:36.735123Z"}
{"type":"match","trade_id":14587556,"maker_order_id":"91b59a7c-6a07-4039-9536-21daf3cb3282","taker_order_id":"351c3f83-3605-4c2c-b4fe-3ae8fdeaf048","side":"buy","size":"0.05","price":"9120.8","product_id":"BTC-USD","sequence":180756409,"time":"2020-06-30T19:14:36.948050Z"}
{"type":"heartbeat","last_trade_id":0,"product_id":"BTC-USD","sequence":180756413,"time":"2020-06-30T19:14:37.735120Z"}
{"type":"heartbeat","last_trade_id":0,"product_id":"BTC-USD","sequence":180756418,"time":"2020-06-30T19:14:38.735124Z"}
{"type":"heartbeat","last_trade_id":0,"product_id":"BTC-USD","sequence":180756420,"time":"2020-06-30T19:14:39.735127Z"}
{"type":"heartbeat","last_trade_id":0,"product_id":"BTC-USD","sequence":180756426,"time":"2020-06-30T19:14:40.735147Z"}
{"type":"match","trade_id":14587557,"maker_order_id":"91b59a7c-6a07-4039-9536-21daf3cb3282","taker_order_id":"145e6a33-2376-4c69-87cc-74bde78cf8be","side":"buy","size":"0.0658","price":"9120.8","product_id":"BTC-USD","sequence":180756428,"time":"2020-06-30T19:14:41.105068Z"}
{"type":"match","trade_id":14587558,"maker_order_id":"36fe0734-4801-466d-b093-cccd411db09a","taker_order_id":"c9e7b512-dffa-4154-ac47-6bd145fd7886","side":"sell","size":"0.001","price":"9120.82","product_id":"BTC-USD","sequence":180756433,"time":"2020-06-30T19:14:41.464298Z"}
{"type":"heartbeat","last_trade_id":0,"product_id":"BTC-USD","sequence":180756434,"time":"2020-06-30T19:14:41.735130Z"}
{"type":"match","trade_id":14587559,"maker_order_id":"91b59a7c-6a07-4039-9536-21daf3cb3282","taker_order_id":"8ac18727-b2fc-45f7-94fd-113f55a2298f","side":"buy","size":"0.276","price":"9120.8","product_id":"BTC-USD","sequence":180756438,"time":"2020-06-30T19:14:42.506101Z"}
{"type":"heartbeat","last_trade_id":0,"product_id":"BTC-USD","sequence":180756439,"time":"2020-06-30T19:14:42.735134Z"}
{"type":"match","trade_id":14587560,"maker_order_id":"91b59a7c-6a07-4039-9536-21daf3cb3282","taker_order_id":"eb87598e-c267-423a-80ef-fe661e48230f","side":"buy","size":"0.9","price":"9120.8","product_id":"BTC-USD","sequence":180756441,"time":"2020-06-30T19:14:43.036071Z"}
{"type":"match","trade_id":14587561,"maker_order_id":"91b59a7c-6a07-4039-9536-21daf3cb3282","taker_order_id":"7a95e25a-ce6f-4987-bce1-5ab0e7ef79cc","side":"buy","size":"0.7969","price":"9120.8","product_id":"BTC-USD","sequence":180756444,"time":"2020-06-30T19:14:43.305924Z"}
{"type":"heartbeat","last_trade_id":0,"product_id":"BTC-USD","sequence":180756448,"time":"2020-06-30T19:14:43.735124Z"}
{"type":"heartbeat","last_trade_id":0,"product_id":"BTC-USD","sequence":180756458,"time":"2020-06-30T19:14:44.735132Z"}
{"type":"match","trade_id":14587562,"maker_order_id":"91b59a7c-6a07-4039-9536-21daf3cb3282","taker_order_id":"f83f3c2f-c8f3-4ca6-ae45-0adf4f2a947f","side":"buy","size":"0.25","price":"9120.8","product_id":"BTC-USD","sequence":180756460,"time":"2020-06-30T19:14:44.960218Z"}
{"type":"match","trade_id":14587563,"maker_order_id":"91b59a7c-6a07-4039-9536-21daf3cb3282","taker_order_id":"1f0dc839-9273-4523-9878-3a80f8a33ecd","side":"buy","size":"0.4418","price":"9120.8","product_id":"BTC-USD","sequence":180756467,"time":"2020-06-30T19:14:45.527244Z"}
{"type":"heartbeat","last_trade_id":0,"product_id":"BTC-USD","sequence":180756468,"time":"2020-06-30T19:14:45.735119Z"}
{"type":"heartbeat","last_trade_id":0,"product_id":"BTC-USD","sequence":180756470,"time":"2020-06-30T19:14:46.735112Z"}
{"type":"match","trade_id":14587564,"maker_order_id":"91b59a7c-6a07-4039-9536-21daf3cb3282","taker_order_id":"e465214a-50b2-4908-a029-3e1e6778724b","side":"buy","size":"0.0013","price":"9120.8","product_id":"BTC-USD","sequence":180756473,"time":"2020-06-30T19:14:47.732744Z"}
{"type":"heartbeat","last_trade_id":0,"product_id":"BTC-USD","sequence":180756474,"time":"2020-06-30T19:14:47.735113Z"}
{"type":"match","trade_id":14587565,"maker_order_id":"91b59a7c-6a07-4039-9536-21daf3cb3282","taker_order_id":"b119a939-80bc-446e-8a90-3dc8ac6969df","side":"buy","size":"0.0658","price":"9120.8","product_id":"BTC-USD","sequence":180756476,"time":"2020-06-30T19:14:48.298815Z"}
{"type":"heartbeat","last_trade_id":0,"product_id":"BTC-USD","sequence":180756479,"time":"2020-06-30T19:14:48.735117Z"}
{"type":"heartbeat","last_trade_id":0,"product_id":"BTC-USD","sequence":180756480,"time":"2020-06-30T19:14:49.735116Z"}
{"type":"heartbeat","last_trade_id":0,"product_id":"BTC-USD","sequence":180756487,"time":"2020-06-30T19:14:50.735050Z"}
{"type":"match","trade_id":14587566,"maker_order_id":"91b59a7c-6a07-4039-9536-21daf3cb3282","taker_order_id":"eb88fb3b-8316-402c-a359-3393eac8b2f1","side":"buy","size":"0.0658","price":"9120.8","product_id":"BTC-USD","sequence":180756491,"time":"2020-06-30T19:14:51.025892Z"}
{"type":"match","trade_id":14587567,"maker_order_id":"91b59a7c-6a07-4039-9536-21daf3cb3282","taker_order_id":"98112b2a-b167-417a-ab96-cd1c46846957","side":"buy","size":"0.0298","price":"9120.8","product_id":"BTC-USD","sequence":180756494,"time":"2020-06-30T19:14:51.291072Z"}
{"type":"heartbeat","last_trade_id":0,"product_id":"BTC-USD","sequence":180756496,"time":"2020-06-30T19:14:51.735109Z"}
{"type":"match","trade_id":14587568,"maker_order_id":"91b59a7c-6a07-4039-9536-21daf3cb3282","taker_order_id":"cb42e851-0696-49ab-856b-a43cc6ae1c62","side":"buy","size":"0.0919","price":"9120.8","product_id":"BTC-USD","sequence":180756499,"time":"2020-06-30T19:14:51.844768Z"}
{"type":"match","trade_id":14587569,"maker_order_id":"91b59a7c-6a07-4039-9536-21daf3cb3282","taker_order_id":"4ead6db6-e191-4eab-8502-b2f2870bb3f2","side":"buy","size":"0.05","price":"9120.8","product_id":"BTC-USD","sequence":180756502,"time":"2020-06-30T19:14:52.116048Z"}
{"type":"heartbeat","last_trade_id":0,"product_id":"BTC-USD","sequence":180756505,"time":"2020-06-30T19:14:52.735115Z"}
{"type":"match","trade_id":14587570,"maker_order_id":"91b59a7c-6a07-4039-9536-21daf3cb3282","taker_order_id":"a299ea8a-eced-4ff5-b7b9-550bd0185397","side":"buy","size":"0.098","price":"9120.8","product_id":"BTC-USD","sequence":180756512,"time":"2020-06-30T19:14:53.509128Z"}
{"type":"heartbeat","last_trade_id":0,"product_id":"BTC-USD","sequence":180756514,"time":"2020-06-30T19:14:53.735119Z"}
{"type":"match","trade_id":14587571,"maker_order_id":"91b59a7c-6a07-4039-9536-21daf3cb3282","taker_order_id":"8ade02db-42f1-4202-8871-84acb345bd92","side":"buy","size":"0.05","price":"9120.8","product_id":"BTC-USD","sequence":180756516,"time":"2020-06-30T19:14:53.798047Z"}
{"type":"match","trade_id":14587572,"maker_order_id":"91b59a7c-6a07-4039-9536-21daf3cb3282","taker_order_id":"809d6dca-9184-4c1f-8c9b-e11a14874fe3","side":"buy","size":"0.014","price":"9120.8","product_id":"BTC-USD","sequence":180756519,"time":"2020-06-30T19:14:54.108260Z"}
{"type":"heartbeat","last_trade_id":0,"product_id":"BTC-USD","sequence":180756520,"time":"2020-06-30T19:14:54.735109Z"}
{"type":"heartbeat","last_trade_id":0,"product_id":"BTC-USD","sequence":180756522,"time":"2020-06-30T19:14:55.735118Z"}
{"type":"heartbeat","last_trade_id":0,"product_id":"BTC-USD","sequence":180756524,"time":"2020-06-30T19:14:56.735115Z"}
{"type":"match","trade_id":14587573,"maker_order_id":"91b59a7c-6a07-4039-9536-21daf3cb3282","taker_order_id":"9c99b9b1-a405-400c-8288-0325ec2ac50d","side":"buy","size":"0.9","price":"9120.8","product_id":"BTC-USD","sequence":180756527,"time":"2020-06-30T19:14:57.113875Z"}
{"type":"heartbeat","last_trade_id":0,"product_id":"BTC-USD","sequence":180756531,"time":"2020-06-30T19:14:57.735117Z"}
{"type":"match","trade_id":14587574,"maker_order_id":"91b59a7c-6a07-4039-9536-21daf3cb3282","taker_order_id":"884c829b-31cc-4016-bfc4-5bbf6ba962e1","side":"buy","size":"0.0658","price":"9120.8","product_id":"BTC-USD","sequence":180756535,"time":"2020-06-30T19:14:58.185353Z"}
{"type":"heartbeat","last_trade_id":0,"product_id":"BTC-USD","sequence":180756538,"time":"2020-06-30T19:14:58.735115Z"}
{"type":"match","trade_id":14587575,"maker_order_id":"91b59a7c-6a07-4039-9536-21daf3cb3282","taker_order_id":"1a446af2-3b78-4aa6-ab40-06cfa13d912f","side":"buy","size":"0.05","price":"9120.8","product_id":"BTC-USD","sequence":180756540,"time":"2020-06-30T19:14:58.766931Z"}
{"type":"match","trade_id":14587576,"maker_order_id":"91b59a7c-6a07-4039-9536-21daf3cb3282","taker_order_id":"6152b000-cb37-4934-adbe-803a5dc65c2f","side":"buy","size":"0.114","price":"9120.8","product_id":"BTC-USD","sequence":180756545,"time":"2020-06-30T19:14:59.030484Z"}
{"type":"heartbeat","last_trade_id":0,"product_id":"BTC-USD","sequence":180756552,"time":"2020-06-30T19:14:59.735119Z"}
{"type":"heartbeat","last_trade_id":0,"product_id":"BTC-USD","sequence":180756555,"time":"2020-06-30T19:15:00.735119Z"}
{"type":"heartbeat","last_trade_id":0,"product_id":"BTC-USD","sequence":180756561,"time":"2020-06-30T19:15:01.735115Z"}
{"type":"match","trade_id":14587577,"maker_order_id":"91b59a7c-6a07-4039-9536-21daf3cb3282","taker_order_id":"c92466d8-9320-4ece-87a9-544a2c9e52dc","side":"buy","size":"0.0658","price":"9120.8","product_id":"BTC-USD","sequence":180756570,"time":"2020-06-30T19:15:02.742392Z"}
{"type":"heartbeat","last_trade_id":0,"product_id":"BTC-USD","sequence":180756571,"time":"2020-06-30T19:15:02.735115Z"}
{"type":"heartbeat","last_trade_id":0,"product_id":"BTC-USD","sequence":180756571,"time":"2020-06-30T19:15:03.735116Z"}
{"type":"heartbeat","last_trade_id":0,"product_id":"BTC-USD","sequence":180756575,"time":"2020-06-30T19:15:04.735117Z"}
{"type":"heartbeat","last_trade_id":0,"product_id":"BTC-USD","sequence":180756581,"time":"2020-06-30T19:15:05.735123Z"}
{"type":"match","trade_id":14587578,"maker_order_id":"91b59a7c-6a07-4039-9536-21daf3cb3282","taker_order_id":"4f256a96-de01-49a0-9075-4bdf47afcf89","side":"buy","size":"4.3795","price":"9120.8","product_id":"BTC-USD","sequence":180756590,"time":"2020-06-30T19:15:06.637174Z"}
{"type":"heartbeat","last_trade_id":0,"product_id":"BTC-USD","sequence":180756591,"time":"2020-06-30T19:15:06.735115Z"}
{"type":"heartbeat","last_trade_id":0,"product_id":"BTC-USD","sequence":180756593,"time":"2020-06-30T19:15:07.735112Z"}
{"type":"match","trade_id":14587579,"maker_order_id":"91b59a7c-6a07-4039-9536-21daf3cb3282","taker_order_id":"93fe8372-23b1-47e1-be5d-accd5ec8fbf4","side":"buy","size":"4.5028","price":"9120.8","product_id":"BTC-USD","sequence":180756595,"time":"2020-06-30T19:15:07.768205Z"}
{"type":"match","trade_id":14587580,"maker_order_id":"91b59a7c-6a07-4039-9536-21daf3cb3282","taker_order_id":"7bb368fa-c16d-4d60-932a-4ec42e0a9d68","side":"buy","size":"0.25","price":"9120.8","product_id":"BTC-USD","sequence":180756601,"time":"2020-06-30T19:15:08.329752Z"}
{"type":"heartbeat","last_trade_id":0,"product_id":"BTC-USD","sequence":180756606,"time":"2020-06-30T19:15:08.735114Z"}
{"type":"heartbeat","last_trade_id":0,"product_id":"BTC-USD","sequence":180756612,"time":"2020-06-30T19:15:09.735117Z"}
{"type":"match","trade_id":14587581,"maker_order_id":"91b59a7c-6a07-4039-9536-21daf3cb3282","taker_order_id":"64dec0f3-edc4-48d9-a682-adfb4deb62bb","side":"buy","size":"0.001","price":"9120.8","product_id":"BTC-USD","sequence":180756620,"time":"2020-06-30T19:15:10.662974Z"}
{"type":"heartbeat","last_trade_id":0,"product_id":"BTC-USD","sequence":180756623,"time":"2020-06-30T19:15:10.735113Z"}
{"type":"match","trade_id":14587582,"maker_order_id":"91b59a7c-6a07-4039-9536-21daf3cb3282","taker_order_id":"ee5e73c0-5df9-40e5-8570-b8be65dc394f","side":"buy","size":"4.468","price":"9120.8","product_id":"BTC-USD","sequence":180756628,"time":"2020-06-30T19:15:11.389422Z"}
{"type":"heartbeat","last_trade_id":0,"product_id":"BTC-USD","sequence":180756631,"time":"2020-06-30T19:15:11.735122Z"}
{"type":"heartbeat","last_trade_id":0,"product_id":"BTC-USD","sequence":180756634,"time":"2020-06-30T19:15:12.735119Z"}
{"type":"match","trade_id":14587583,"maker_order_id":"91b59a7c-6a07-4039-9536-21daf3cb3282","taker_order_id":"48a87369-6208-47a0-afa3-7522d12d3853","side":"buy","size":"0.0658","price":"9120.8","product_id":"BTC-USD","sequence":180756636,"time":"2020-06-30T19:15:13.120517Z"}
{"type":"match","trade_id":14587584,"maker_order_id":"91b59a7c-6a07-4039-9536-21daf3cb3282","taker_order_id":"05cb3b35-4db3-4936-bd27-b7789f31f424","side":"buy","size":"0.0658","price":"9120.8","product_id":"BTC-USD","sequence":180756641,"time":"2020-06-30T19:15:13.677245Z"}
{"type":"heartbeat","last_trade_id":0,"product_id":"BTC-USD","sequence":180756642,"time":"2020-06-30T19:15:13.735114Z"}
{"type":"match","trade_id":14587585,"maker_order_id":"91b59a7c-6a07-4039-9536-21daf3cb3282","taker_order_id":"47b908ce-b8ef-44a9-820f-346989c9124c","side":"buy","size":"0.0781","price":"9120.8","product_id":"BTC-USD","sequence":180756649,"time":"2020-06-30T19:15:14.228213Z"}
{"type":"heartbeat","last_trade_id":0,"product_id":"BTC-USD","sequence":180756650,"time":"2020-06-30T19:15:14.735120Z"}
{"type":"match","trade_id":14587586,"maker_order_id":"91b59a7c-6a07-4039-9536-21daf3cb3282","taker_order_id":"49971880-d972-4491-9cad-92569eb8f7ac","side":"buy","size":"0.05","price":"9120.8","product_id":"BTC-USD","sequence":180756652,"time":"2020-06-30T19:15:15.593756Z"}
{"type":"heartbeat","last_trade_id":0,"product_id":"BTC-USD","sequence":180756653,"time":"2020-06-30T19:15:15.735128Z"}
{"type":"match","trade_id":14587587,"maker_order_id":"91b59a7c-6a07-4039-9536-21daf3cb3282","taker_order_id":"7d324cb8-b9e2-4f5e-8bff-6541372d3892","side":"buy","size":"0.0605","price":"9120.8","product_id":"BTC-USD","sequence":180756659,"time":"2020-06-30T19:15:16.418742Z"}
{"type":"match","trade_id":14587588,"maker_order_id":"91b59a7c-6a07-4039-9536-21daf3cb3282","taker_order_id":"9122edfa-669d-4a57-acd0-e977012cb9e2","side":"buy","size":"0.0725","price":"9120.8","product_id":"BTC-USD","sequence":180756662,"time":"2020-06-30T19:15:16.723743Z"}
{"type":"heartbeat","last_trade_id":0,"product_id":"BTC-USD","sequence":180756663,"time":"2020-06-30T19:15:16.735118Z"}
{"type":"heartbeat","last_trade_id":0,"product_id":"BTC-USD","sequence":180756666,"time":"2020-06-30T19:15:17.735095Z"}
{"type":"heartbeat","last_trade_id":0,"product_id":"BTC-USD","sequence":180756673,"time":"2020-06-30T19:15:18.735118Z"}
{"type":"match","trade_id":14587589,"maker_order_id":"91b59a7c-6a07-4039-9536-21daf3cb3282","taker_order_id":"230b3517-c698-4ed4-8f9b-b473c552ba05","side":"buy","size":"0.0658","price":"9120.8","product_id":"BTC-USD","sequence":180756681,"time":"2020-06-30T19:15:19.480345Z"}
{"type":"heartbeat","last_trade_id":0,"product_id":"BTC-USD","sequence":180756682,"time":"2020-06-30T19:15:19.735125Z"}
{"type":"match","trade_id":14587590,"maker_order_id":"91b59a7c-6a07-4039-9536-21daf3cb3282","taker_order_id":"9e9f5b0d-0840-42de-84dd-3e9a82f4954a","side":"buy","size":"0.0611","price":"9120.8","product_id":"BTC-USD","sequence":180756687,"time":"2020-06-30T19:15:20.300074Z"}
{"type":"heartbeat","last_trade_id":0,"product_id":"BTC-USD","sequence":180756688,"time":"2020-06-30T19:15:20.735119Z"}
{"type":"match","trade_id":14587591,"maker_order_id":"91b59a7c-6a07-4039-9536-21daf3cb3282","taker_order_id":"3e1a809e-9363-45f4-9400-ad42d7d88878","side":"buy","size":"0.05","price":"9120.8","product_id":"BTC-USD","sequence":180756692,"time":"2020-06-30T19:15:21.682395Z"}
{"type":"heartbeat","last_trade_id":0,"product_id":"BTC-USD","sequence":180756693,"time":"2020-06-30T19:15:21.735112Z"}
{"type":"heartbeat","last_trade_id":0,"product_id":"BTC-USD","sequence":180756698,"time":"2020-06-30T19:15:22.735121Z"}
{"type":"heartbeat","last_trade_id":0,"product_id":"BTC-USD","sequence":180756698,"time":"2020-06-30T19:15:23.735120Z"}
{"type":"heartbeat","last_trade_id":0,"product_id":"BTC-USD","sequence":180756702,"time":"2020-06-30T19:15:24.735118Z"}
{"type":"heartbeat","last_trade_id":0,"product_id":"BTC-USD","sequence":180756707,"time":"2020-06-30T19:15:25.735121Z"}
{"type":"heartbeat","last_trade_id":0,"product_id":"BTC-USD","sequence":180756713,"time":"2020-06-30T19:15:26.735117Z"}
{"type":"match","trade_id":14587592,"maker_order_id":"91b59a7c-6a07-4039-9536-21daf3cb3282","taker_order_id":"362ad7c6-b281-46a6-8f32-c8a4ad37c16d","side":"buy","size":"2.187","price":"9120.8","product_id":"BTC-USD","sequence":180756721,"time":"2020-06-30T19:15:27.103091Z"}
{"type":"heartbeat","last_trade_id":0,"product_id":"BTC-USD","sequence":180756724,"time":"2020-06-30T19:15:27.735117Z"}
{"type":"match","trade_id":14587593,"maker_order_id":"91b59a7c-6a07-4039-9536-21daf3cb3282","taker_order_id":"3b3919c0-dd48-42c0-88ab-7bff16ceb663","side":"buy","size":"0.2696","price":"9120.8","product_id":"BTC-USD","sequence":180756728,"time":"2020-06-30T19:15:27.961350Z"}
{"type":"heartbeat","last_trade_id":0,"product_id":"BTC-USD","sequence":180756732,"time":"2020-06-30T19:15:28.735113Z"}
{"type":"match","trade_id":14587594,"maker_order_id":"91b59a7c-6a07-4039-9536-21daf3cb3282","taker_order_id":"e2fe2d37-6047-4c01-b54e-5a6a8c9a4dd2","side":"buy","size":"3.6093","price":"9120.8","product_id":"BTC-USD","sequence":180756741,"time":"2020-06-30T19:15:29.652437Z"}
{"type":"heartbeat","last_trade_id":0,"product_id":"BTC-USD","sequence":180756742,"time":"2020-06-30T19:15:29.735108Z"}
{"type":"match","trade_id":14587595,"maker_order_id":"91b59a7c-6a07-4039-9536-21daf3cb3282","taker_order_id":"c21081b2-937d-459e-ae3a-710d97ea9673","side":"buy","size":"0.9","price":"9120.8","product_id":"BTC-USD","sequence":180756747,"time":"2020-06-30T19:15:30.214975Z"}
{"type":"heartbeat","last_trade_id":0,"product_id":"BTC-USD","sequence":180756751,"time":"2020-06-30T19:15:30.735116Z"}
{"type":"heartbeat","last_trade_id":0,"product_id":"BTC-USD","sequence":180756757,"time":"2020-06-30T19:15:31.735109Z"}
{"type":"heartbeat","last_trade_id":0,"product_id":"BTC-USD","sequence":180756760,"time":"2020-06-30T19:15:32.735109Z"}
{"type":"heartbeat","last_trade_id":0,"product_id":"BTC-USD","sequence":180756762,"time":"2020-06-30T19:15:33.735118Z"}
{"type":"match","trade_id":14587596,"maker_order_id":"91b59a7c-6a07-4039-9536-21daf3cb3282","taker_order_id":"67e79924-9a22-4b79-8196-2ff52e5f5b98","side":"buy","size":"0.0658","price":"9120.8","product_id":"BTC-USD","sequence":180756766,"time":"2020-06-30T19:15:34.487217Z"}
{"type":"heartbeat","last_trade_id":0,"product_id":"BTC-USD","sequence":180756767,"time":"2020-06-30T19:15:34.735113Z"}
{"type":"heartbeat","last_trade_id":0,"product_id":"BTC-USD","sequence":180756771,"time":"2020-06-30T19:15:35.735112Z"}
{"type":"match","trade_id":14587597,"maker_order_id":"91b59a7c-6a07-4039-9536-21daf3cb3282","taker_order_id":"5cee4c49-3014-481e-b53e-220f845d6501","side":"buy","size":"0.0658","price":"9120.8","product_id":"BTC-USD","sequence":180756773,"time":"2020-06-30T19:15:35.865733Z"}
{"type":"match","trade_id":14587598,"maker_order_id":"91b59a7c-6a07-4039-9536-21daf3cb3282","taker_order_id":"33c73b63-be02-4f07-8d16-ca83cc89918e","side":"buy","size":"0.0658","price":"9120.8","product_id":"BTC-USD","sequence":180756776,"time":"2020-06-30T19:15:36.153789Z"}
{"type":"match","trade_id":14587599,"maker_order_id":"91b59a7c-6a07-4039-9536-21daf3cb3282","taker_order_id":"c267252e-13f5-4458-a6d2-080cc85d5543","side":"buy","size":"0.9","price":"9120.8","product_id":"BTC-USD","sequence":180756779,"time":"2020-06-30T19:15:36.710476Z"}
{"type":"heartbeat","last_trade_id":0,"product_id":"BTC-USD","sequence":180756780,"time":"2020-06-30T19:15:36.735115Z"}
{"type":"match","trade_id":14587600,"maker_order_id":"91b59a7c-6a07-4039-9536-21daf3cb3282","taker_order_id":"a7bd5805-9ccb-4206-b3e5-63ba378a7d69","side":"buy","size":"0.548","price":"9120.8","product_id":"BTC-USD","sequence":180756782,"time":"2020-06-30T19:15:36.989905Z"}
{"type":"heartbeat","last_trade_id":0,"product_id":"BTC-USD","sequence":180756786,"time":"2020-06-30T19:15:37.735114Z"}
{"type":"match","trade_id":14587601,"maker_order_id":"91b59a7c-6a07-4039-9536-21daf3cb3282","taker_order_id":"273a5afa-32c0-4839-9853-ec5767e624f8","side":"buy","size":"0.0658","price":"9120.8","product_id":"BTC-USD","sequence":180756788,"time":"2020-06-30T19:15:37.840625Z"}
{"type":"heartbeat","last_trade_id":0,"product_id":"BTC-USD","sequence":180756792,"time":"2020-06-30T19:15:38.735114Z"}
{"type":"heartbeat","last_trade_id":0,"product_id":"BTC-USD","sequence":180756796,"time":"2020-06-30T19:15:39.735123Z"}
{"type":"match","trade_id":14587602,"maker_order_id":"91b59a7c-6a07-4039-9536-21daf3cb3282","taker_order_id":"23b0ee00-393d-4e48-ae16-3cbcf6503687","side":"buy","size":"5.9606","price":"9120.8","product_id":"BTC-USD","sequence":180756800,"time":"2020-06-30T19:15:40.313111Z"}
{"type":"match","trade_id":14587603,"maker_order_id":"36fe0734-4801-466d-b093-cccd411db09a","taker_order_id":"2837402a-4c0d-49c4-9d0b-bed5a0ea37be","side":"sell","size":"0.001","price":"9120.82","product_id":"BTC-USD","sequence":180756803,"time":"2020-06-30T19:15:40.669906Z"}
{"type":"heartbeat","last_trade_id":0,"product_id":"BTC-USD","sequence":180756804,"time":"2020-06-30T19:15:40.735127Z"}
{"type":"heartbeat","last_trade_id":0,"product_id":"BTC-USD","sequence":180756806,"time":"2020-06-30T19:15:41.735128Z"}
{"type":"heartbeat","last_trade_id":0,"product_id":"BTC-USD","sequence":180756817,"time":"2020-06-30T19:15:42.735123Z"}
{"type":"heartbeat","last_trade_id":0,"product_id":"BTC-USD","sequence":180756820,"time":"2020-06-30T19:15:43.735124Z"}
{"type":"match","trade_id":14587604,"maker_order_id":"91b59a7c-6a07-4039-9536-21daf3cb3282","taker_order_id":"85764518-1268-4b47-b069-24ba6de574ca","side":"buy","size":"0.05","price":"9120.8","product_id":"BTC-USD","sequence":180756825,"time":"2020-06-30T19:15:44.088935Z"}
{"type":"match","trade_id":14587605,"maker_order_id":"91b59a7c-6a07-4039-9536-21daf3cb3282","taker_order_id":"91dd8691-8c07-4e74-839a-f51182e6342f","side":"buy","size":"0.0659","price":"9120.8","product_id":"BTC-USD","sequence":180756832,"time":"2020-06-30T19:15:44.655195Z"}
{"type":"heartbeat","last_trade_id":0,"product_id":"BTC-USD","sequence":180756833,"time":"2020-06-30T19:15:44.735021Z"}
{"type":"match","trade_id":14587606,"maker_order_id":"91b59a7c-6a07-4039-9536-21daf3cb3282","taker_order_id":"0db4486e-dacb-4d20-bccd-95370791227b","side":"buy","size":"0.05","price":"9120.8","product_id":"BTC-USD","sequence":180756840,"time":"2020-06-30T19:15:45.475733Z"}
{"type":"heartbeat","last_trade_id":0,"product_id":"BTC-USD","sequence":180756843,"time":"2020-06-30T19:15:45.735109Z"}
{"type":"match","trade_id":14587607,"maker_order_id":"91b59a7c-6a07-4039-9536-21daf3cb3282","taker_order_id":"a9ddb845-319f-408a-9ca3-e68fa3b1e19e","side":"buy","size":"0.05","price":"9120.8","product_id":"BTC-USD","sequence":180756847,"time":"2020-06-30T19:15:46.320454Z"}
{"type":"match","trade_id":14587608,"maker_order_id":"91b59a7c-6a07-4039-9536-21daf3cb3282","taker_order_id":"8dc2080e-1297-4661-8de7-d1691cf45697","side":"buy","size":"0.0659","price":"9120.8","product_id":"BTC-USD","sequence":180756850,"time":"2020-06-30T19:15:46.592278Z"}
{"type":"heartbeat","last_trade_id":0,"product_id":"BTC-USD","sequence":180756851,"time":"2020-06-30T19:15:46.735112Z"}
{"type":"match","trade_id":14587609,"maker_order_id":"91b59a7c-6a07-4039-9536-21daf3cb3282","taker_order_id":"0d10c23a-e8d4-4123-9cef-e63439925cad","side":"buy","size":"0.0659","price":"9120.8","product_id":"BTC-USD","sequence":180756853,"time":"2020-06-30T19:15:46.873307Z"}
{"type":"match","trade_id":14587610,"maker_order_id":"91b59a7c-6a07-4039-9536-21daf3cb3282","taker_order_id":"7f641c68-0ff8-46df-81c3-bd0ecdba256b","side":"buy","size":"0.05","price":"9120.8","product_id":"BTC-USD","sequence":180756859,"time":"2020-06-30T19:15:47.695684Z"}
{"type":"heartbeat","last_trade_id":0,"product_id":"BTC-USD","sequence":180756860,"time":"2020-06-30T19:15:47.735121Z"}
{"type":"match","trade_id":14587611,"maker_order_id":"91b59a7c-6a07-4039-9536-21daf3cb3282","taker_order_id":"df89002e-b093-4688-87f8-24b5d87da305","side":"buy","size":"0.0659","price":"9120.8","product_id":"BTC-USD","sequence":180756862,"time":"2020-06-30T19:15:48.002855Z"}
{"type":"heartbeat","last_trade_id":0,"product_id":"BTC-USD","sequence":180756863,"time":"2020-06-30T19:15:48.735111Z"}
{"type":"match","trade_id":14587612,"maker_order_id":"91b59a7c-6a07-4039-9536-21daf3cb3282","taker_order_id":"5318ea05-7d5f-46dd-a285-09d248f80fc0","side":"buy","size":"0.0659","price":"9120.8","product_id":"BTC-USD","sequence":180756865,"time":"2020-06-30T19:15:48.833975Z"}
{"type":"heartbeat","last_trade_id":0,"product_id":"BTC-USD","sequence":180756868,"time":"2020-06-30T19:15:49.735115Z"}
{"type":"match","trade_id":14587613,"maker_order_id":"91b59a7c-6a07-4039-9536-21daf3cb3282","taker_order_id":"83075288-3c81-430e-a8b5-671e72fd6a4a","side":"buy","size":"0.0659","price":"9120.8","product_id":"BTC-USD","sequence":180756870,"time":"2020-06-30T19:15:49.930385Z"}
{"type":"match","trade_id":14587614,"maker_order_id":"91b59a7c-6a07-4039-9536-21daf3cb3282","taker_order_id":"4be47f49-844a-4aa6-a319-8082801a71cb","side":"buy","size":"0.0659","price":"9120.8","product_id":"BTC-USD","sequence":180756875,"time":"2020-06-30T19:15:50.522385Z"}
{"type":"heartbeat","last_trade_id":0,"product_id":"BTC-USD","sequence":180756876,"time":"2020-06-30T19:15:50.735121Z"}
{"type":"heartbeat","last_trade_id":0,"product_id":"BTC-USD","sequence":180756878,"time":"2020-06-30T19:15:51.735067Z"}
{"type":"match","trade_id":14587615,"maker_order_id":"91b59a7c-6a07-4039-9536-21daf3cb3282","taker_order_id":"b2c33b26-f5c9-4c28-86d1-c38c0b27b0f6","side":"buy","size":"0.2916","price":"9120.8","product_id":"BTC-USD","sequence":180756882,"time":"2020-06-30T19:15:51.896456Z"}
{"type":"heartbeat","last_trade_id":0,"product_id":"BTC-USD","sequence":180756885,"time":"2020-06-30T19:15:52.735092Z"}
{"type":"match","trade_id":14587616,"maker_order_id":"91b59a7c-6a07-4039-9536-21daf3cb3282","taker_order_id":"fc592a2e-57a4-4586-b273-f2eac9bfddd9","side":"buy","size":"0.0659","price":"9120.8","product_id":"BTC-USD","sequence":180756887,"time":"2020-06-30T19:15:52.764594Z"}
{"type":"match","trade_id":14587617,"maker_order_id":"91b59a7c-6a07-4039-9536-21daf3cb3282","taker_order_id":"b8c64164-15a3-492e-ae0d-7820aa9515c8","side":"buy","size":"0.0659","price":"9120.8","product_id":"BTC-USD","sequence":180756892,"time":"2020-06-30T19:15:53.612074Z"}
{"type":"heartbeat","last_trade_id":0,"product_id":"BTC-USD","sequence":180756893,"time":"2020-06-30T19:15:53.735116Z"}
{"type":"heartbeat","last_trade_id":0,"product_id":"BTC-USD","sequence":180756898,"time":"2020-06-30T19:15:54.735122Z"}
{"type":"heartbeat","last_trade_id":0,"product_id":"BTC-USD","sequence":180756900,"time":"2020-06-30T19:15:55.735110Z"}
{"type":"heartbeat","last_trade_id":0,"product_id":"BTC-USD","sequence":180756900,"time":"2020-06-30T19:15:56.735115Z"}
{"type":"match","trade_id":14587618,"maker_order_id":"91b59a7c-6a07-4039-9536-21daf3cb3282","taker_order_id":"a4eb0702-0215-41f9-901e-544632404d27","side":"buy","size":"0.05","price":"9120.8","product_id":"BTC-USD","sequence":180756902,"time":"2020-06-30T19:15:56.951827Z"}
{"type":"match","trade_id":14587619,"maker_order_id":"91b59a7c-6a07-4039-9536-21daf3cb3282","taker_order_id":"ab00b725-47d9-4694-aaa3-ab4bd7f91888","side":"buy","size":"0.9","price":"9120.8","product_id":"BTC-USD","sequence":180756905,"time":"2020-06-30T19:15:57.234379Z"}
{"type":"heartbeat","last_trade_id":0,"product_id":"BTC-USD","sequence":180756906,"time":"2020-06-30T19:15:57.735114Z"}
{"type":"match","trade_id":14587620,"maker_order_id":"91b59a7c-6a07-4039-9536-21daf3cb3282","taker_order_id":"52583dc5-5466-4634-8e2b-e6f7e1adc530","side":"buy","size":"0.2","price":"9120.8","product_id":"BTC-USD","sequence":180756910,"time":"2020-06-30T19:15:58.092911Z"}
{"type":"heartbeat","last_trade_id":0,"product_id":"BTC-USD","sequence":180756917,"time":"2020-06-30T19:15:58.735112Z"}
{"type":"match","trade_id":14587621,"maker_order_id":"91b59a7c-6a07-4039-9536-21daf3cb3282","taker_order_id":"1735247d-e7bd-4fa7-b7e6-aaf4efe96f0d","side":"buy","size":"0.0659","price":"9120.8","product_id":"BTC-USD","sequence":180756925,"time":"2020-06-30T19:15:59.232836Z"}
{"type":"heartbeat","last_trade_id":0,"product_id":"BTC-USD","sequence":180756931,"time":"2020-06-30T19:15:59.735112Z"}
{"type":"heartbeat","last_trade_id":0,"product_id":"BTC-USD","sequence":180756931,"time":"2020-06-30T19:16:00.735100Z"}
{"type":"heartbeat","last_trade_id":0,"product_id":"BTC-USD","sequence":180756936,"time":"2020-06-30T19:16:01.735099Z"}
{"type":"heartbeat","last_trade_id":0,"product_id":"BTC-USD","sequence":180756938,"time":"2020-06-30T19:16:02.735114Z"}
{"type":"heartbeat","last_trade_id":0,"product_id":"BTC-USD","sequence":180756944,"time":"2020-06-30T19:16:03.735116Z"}
{"type":"match","trade_id":14587622,"maker_order_id":"91b59a7c-6a07-4039-9536-21daf3cb3282","taker_order_id":"91cbc022-b9c2-4133-a714-93649d207d05","side":"buy","size":"0.15","price":"9120.8","product_id":"BTC-USD","sequence":180756948,"time":"2020-06-30T19:16:04.063756Z"}
{"type":"match","trade_id":14587623,"maker_order_id":"91b59a7c-6a07-4039-9536-21daf3cb3282","taker_order_id":"21c32eed-07e2-437c-979f-fee52f38438b","side":"buy","size":"3.4127","price":"9120.8","product_id":"BTC-USD","sequence":180756951,"time":"2020-06-30T19:16:04.408857Z"}
{"type":"heartbeat","last_trade_id":0,"product_id":"BTC-USD","sequence":180756954,"time":"2020-06-30T19:16:04.735117Z"}
{"type":"heartbeat","last_trade_id":0,"product_id":"BTC-USD","sequence":180756962,"time":"2020-06-30T19:16:05.735131Z"}
{"type":"heartbeat","last_trade_id":0,"product_id":"BTC-USD","sequence":180756968,"time":"2020-06-30T19:16:06.735123Z"}
{"type":"match","trade_id":14587624,"maker_order_id":"91b59a7c-6a07-4039-9536-21daf3cb3282","taker_order_id":"a330f9ff-4ddc-4598-91f8-61354069a2d5","side":"buy","size":"0.8879","price":"9120.8","product_id":"BTC-USD","sequence":180756970,"time":"2020-06-30T19:16:07.246973Z"}
{"type":"match","trade_id":14587625,"maker_order_id":"91b59a7c-6a07-4039-9536-21daf3cb3282","taker_order_id":"c23c8461-3a1d-4195-9e00-a81cbe9ed774","side":"buy","size":"0.05","price":"9120.8","product_id":"BTC-USD","sequence":180756973,"time":"2020-06-30T19:16:07.497250Z"}
{"type":"heartbeat","last_trade_id":0,"product_id":"BTC-USD","sequence":180756974,"time":"2020-06-30T19:16:07.735134Z"}
{"type":"heartbeat","last_trade_id":0,"product_id":"BTC-USD","sequence":180756978,"time":"2020-06-30T19:16:08.735122Z"}
{"type":"match","trade_id":14587626,"maker_order_id":"91b59a7c-6a07-4039-9536-21daf3cb3282","taker_order_id":"d37def80-ac45-457d-8798-bf7cd5805616","side":"buy","size":"0.0659","price":"9120.8","product_id":"BTC-USD","sequence":180756983,"time":"2020-06-30T19:16:09.160117Z"}
{"type":"heartbeat","last_trade_id":0,"product_id":"BTC-USD","sequence":180756990,"time":"2020-06-30T19:16:09.735118Z"}
{"type":"match","trade_id":14587627,"maker_order_id":"91b59a7c-6a07-4039-9536-21daf3cb3282","taker_order_id":"2b353325-4385-42e9-8780-395baf59f288","side":"buy","size":"0.0659","price":"9120.8","product_id":"BTC-USD","sequence":180756992,"time":"2020-06-30T19:16:10.024467Z"}
{"type":"heartbeat","last_trade_id":0,"product_id":"BTC-USD","sequence":180756995,"time":"2020-06-30T19:16:10.735031Z"}
